
   <record
      xsi:schemaLocation="http://www.loc.gov/MARC21/slim http://www.loc.gov/standards/marcxml/schema/MARC21slim.xsd">
      <leader>00000cam a2200349 a 4500</leader>
      <controlfield tag="FMT">BK</controlfield>
      <controlfield tag="LDR">00000cam a2200349 a 4500</controlfield>
      <controlfield tag="001">000307360</controlfield>
      <controlfield tag="003">NNU</controlfield>
      <controlfield tag="005">20180301153545.0</controlfield>
      <controlfield tag="008">050401m20052006inu      b    001 e eng</controlfield>
      <datafield tag="010" ind1=" " ind2=" ">
         <subfield code="a">2005009376</subfield>
      </datafield>
      <datafield tag="020" ind1=" " ind2=" ">
         <subfield code="a">1575061082 (v. 1 : hardcover : alk. paper)</subfield>
      </datafield>
      <datafield tag="020" ind1=" " ind2=" ">
         <subfield code="a">1575061139 (v. 2)</subfield>
      </datafield>
      <datafield tag="020" ind1=" " ind2=" ">
         <subfield code="a">1575061082 (v. 3)</subfield>
      </datafield>
      <datafield tag="024" ind1="3" ind2=" ">
         <subfield code="a">9781575061139</subfield>
      </datafield>
      <datafield tag="035" ind1="9" ind2=" ">
         <subfield code="a">NYUb13284613</subfield>
      </datafield>
      <datafield tag="035" ind1=" " ind2=" ">
         <subfield code="a">(NYU)NYUb13284613</subfield>
      </datafield>
      <datafield tag="035" ind1=" " ind2=" ">
         <subfield code="a">(OCoLC)ocm58830754</subfield>
      </datafield>
      <datafield tag="040" ind1=" " ind2=" ">
         <subfield code="a">DLC</subfield>
         <subfield code="c">DLC</subfield>
         <subfield code="d">CFT</subfield>
         <subfield code="d">NNU</subfield>
      </datafield>
      <datafield tag="042" ind1=" " ind2=" ">
         <subfield code="a">pcc</subfield>
      </datafield>
      <datafield tag="043" ind1=" " ind2=" ">
         <subfield code="a">a-is---</subfield>
         <subfield code="a">a-iq---</subfield>
         <subfield code="a">aw-----</subfield>
         <subfield code="a">awba---</subfield>
         <subfield code="a">awgz---</subfield>
      </datafield>
      <datafield tag="050" ind1="0" ind2="0">
         <subfield code="a">DS121.3</subfield>
         <subfield code="b">.N33 2005</subfield>
      </datafield>
      <datafield tag="079" ind1=" " ind2=" ">
         <subfield code="a">(OCoLC)58830754</subfield>
      </datafield>
      <datafield tag="082" ind1="0" ind2="0">
         <subfield code="a">933</subfield>
         <subfield code="2">22</subfield>
      </datafield>
      <datafield tag="100" ind1="1" ind2=" ">
         <subfield code="a">Naʼaman, Nadav.</subfield>
      </datafield>
      <datafield tag="245" ind1="1" ind2="0">
         <subfield code="a">Ancient Israel and its neighbors : interaction and counteraction : collected essays /</subfield>
         <subfield code="c">Nadav Na'aman.</subfield>
      </datafield>
      <datafield tag="260" ind1=" " ind2=" ">
         <subfield code="a">Winona Lake, Ind. :</subfield>
         <subfield code="b">Eisenbrauns,</subfield>
         <subfield code="c">2005-2006.</subfield>
      </datafield>
      <datafield tag="300" ind1=" " ind2=" ">
         <subfield code="a">3 v. ;</subfield>
         <subfield code="c">24 cm.</subfield>
      </datafield>
      <datafield tag="504" ind1=" " ind2=" ">
         <subfield code="a">Includes bibliographical references and indexes.</subfield>
      </datafield>
      <datafield tag="505" ind1="0" ind2="0">
         <subfield code="g">v. 1.</subfield>
         <subfield code="t">Ancient Israel and its neighbors : interaction and counteraction --</subfield>
         <subfield code="g">v. 2.</subfield>
         <subfield code="t">Canaan in the second millennium B.C.E. --</subfield>
         <subfield code="g">v. 3.</subfield>
         <subfield code="t">Ancient Israel's history and historiography : the First Temple period.</subfield>
      </datafield>
      <datafield tag="505" ind1="0" ind2=" ">
         <subfield code="a">v. 1. Ahab's chariot force at the Battle of Qarqar -- Jehu son of Omri: legitimizing a loyal vassal by his lord -- Forced participation in alliances in the course of the Assyrian campaigns to the west -- Rezin of Damascus and the land of Gilead -- Tiglath-pileser III's campaigns against Tyre and Israel (734-732 BCE) -- Two notes on the history of Ashkelon and Ekron in the late eighth-seventh centuries BCE -- The historical background to the conquest of Samaria (720 BCE) -- The historical portion of Sargon II's Nimrud inscription -- Hezekiah and the kings of Assyria -- Sargon II and the rebellion of the Cypriot kings against Shilṭa of Tyre -- The conquest of Yadnana according to Sargon II's inscriptions -- Sennacherib's "Letter to God" on his campaign to Judah -- Hezekiah's fortified cities and the LMLK Stamps -- New light on Hezekiah's second prophetic story (2 Kings 19:9b-35) -- Esarhaddon's treaty with Ba'al and Assyrian provinces along the Phoenician coast -- Population changes in Palestine following Assyrian deportations -- Province system and settlement pattern in southern Syria and Palestine in the Neo-Assyrian Period -- The Brook of Egypt and Assyrian policy on the border of Egypt -- The Shihor of Egypt and Shur that is before Egypt -- An Assyrian residence at Ramat Raḥel? -- Ḫabiru-like bands in the Assyrian Empire and bands in Biblical historiography -- Chronology and history in the late Assyrian Empire (631-619 BCE) -- The Kingdom of Judah under Josiah -- Nebuchadrezzar's campaign in the year 603 BCE -- Royal vassals or governors? : on the status of Sheshbazzar and Zerubbabel in the Persian Empire --</subfield>
      </datafield>
      <datafield tag="505" ind1="0" ind2=" ">
         <subfield code="a">v. 2. The Hurrians and the end of the Middle Bronze Age in Palestine -- The Egyptian-Canaanite correspondence -- Ammishtamru's letter to Akhenaten (EA 45) and Hittite chronology -- Looking for the pharaoh's judgment -- The origin and the historical background of several Amarna letters -- Biryawaza of Damascus and the date of the Kamid el-Loz 'Apiru letters -- Praises to the pharaoh in response to his plans for Campaign to Canaan -- The Canaanites and their land -- Four notes on the size of Late Bronze Canaan -- The network of Canaanite Late Bronze kingdoms and the city of Ashdod -- Canaanite Jerusalem and its central hill country neighbors in the second millennium BCE -- Yeno'am -- Rubutu/Aruboth -- Economic aspects of the Egyptian occupation of Canaan -- Pharaonic lands in the Jezreel Valley in the Late Bronze Age -- On gods and scribal traditions in the Amarna letters -- .abiru and Hebrews : the transfer of a social term to the literary sphere -- The town of Ibirta and the relations of the 'Apiru and the Shasu -- Amarna alani pu-ru-zi (EA 137) and Biblical 'ry hprzy/hprzwt ("rural settlements") -- The Ishtar temple at Alalakh -- A royal scribe and his scribal products in the Alalakh IV court -- Literary and topographical notes on the Battle of Kishon (Judges 4-5) -- The "Conquest of Canaan" in the Book of Joshua and in history --</subfield>
      </datafield>
      <datafield tag="505" ind1="0" ind2=" ">
         <subfield code="a">v. 3. The contribution of the Amarna letters to the debate on Jerusalem's political position in the tenth century BCE -- The kingdom of Ishbaal -- Sources and composition in the history of David -- In search of reality behind the account of David's wars with Israel's neighbors -- The list of David's officers (shalishim) -- Ittai the Gittite -- "Hebron was built seven years before Zoan in Egypt" (Numbers 13:22) -- Sources and composition in the history of Solomon -- Solomon's district list (1 Kings 4:7-19) and the Assyrian province system in Palestine -- Israel, Edom, and Egypt in the tenth century BCE -- Historical and literary notes on the excavations of Tel Jezreel -- Prophetic stories as sources for the histories of Jehoshaphat and the Omrides -- Beth-David in the Aramaic stela from Tel Dan -- Three notes on the Aramaic inscription from Tel Dan -- King Mesha and the foundation of the Moabite monarchy -- The contribution of royal inscriptions for a re-evaluation of the Book of Kings as a historical source -- Royal inscriptions and the histories of Joash and Ahaz, kings of Judah -- Azariah of Judah and Jeroboam II of Israel -- Historical and chronological notes on the Kingdoms of Israel and Judah in the 8th century BCE -- On the antiquity of the regnal years in the Book of Kings -- The Deuteronomist and voluntary servitude to foreign powers -- The debated historicity of Hezekiah's reform in light of historical and archaeological research -- "The house-of-no-shade shall take away its tax from you" (Micah 1:11) -- "The dedicated treasures buildings within the House of YHWH where women weave coverings for Asherah" (2 Kings 23:7) -- The fire signals of Lachish revisited -- No anthropomorphic graven image : notes on the assumed anthropomorphic cult statues in the temples of YHWH in the pre-exilic period -- The law of the altar in Deuteronomy and the cultic site near Shechem --</subfield>
      </datafield>
      <datafield tag="505" ind1="0" ind2=" ">
         <subfield code="a">Lebo-hamath, Subat-hamath and the northern boundary of the Land of Canaan -- Sources and redaction in the chronicler's genealogies of Asher and Ephraim.</subfield>
      </datafield>
      <datafield tag="500" ind1=" " ind2=" ">
         <subfield code="a">ISAW copy (v.1 &amp; 3) is from the library of Hayim and Miriam Tadmor.</subfield>
         <subfield code="5">NyNyUAW</subfield>
      </datafield>
      <datafield tag="500" ind1=" " ind2=" ">
         <subfield code="a">ISAW copy (v.2) is from the library of Lawrence E. Stager.</subfield>
         <subfield code="5">NyNyUAW</subfield>
      </datafield>
      <datafield tag="583" ind1="1" ind2=" ">
         <subfield code="a">committed to retain</subfield>
         <subfield code="c">20160630</subfield>
         <subfield code="d">20310630</subfield>
         <subfield code="f">EAST</subfield>
         <subfield code="h">Elmer Holmes Bobst Library</subfield>
         <subfield code="z">This title retained by New York University Libraries on behalf of the Eastern Academic Scholars Trust (EAST)</subfield>
         <subfield code="5">NNU</subfield>
      </datafield>
      <datafield tag="650" ind1=" " ind2="0">
         <subfield code="a">Jews</subfield>
         <subfield code="x">History</subfield>
         <subfield code="y">To 70 A.D.</subfield>
      </datafield>
      <datafield tag="650" ind1=" " ind2="0">
         <subfield code="a">Jews</subfield>
         <subfield code="x">History</subfield>
         <subfield code="y">953-586 B.C.</subfield>
      </datafield>
      <datafield tag="651" ind1=" " ind2="0">
         <subfield code="a">Palestine</subfield>
         <subfield code="x">History</subfield>
         <subfield code="y">To 70 A.D.</subfield>
      </datafield>
      <datafield tag="651" ind1=" " ind2="0">
         <subfield code="a">Assyria</subfield>
         <subfield code="x">History, Military.</subfield>
      </datafield>
      <datafield tag="700" ind1="1" ind2=" ">
         <subfield code="a">Tadmor, Miriam,</subfield>
         <subfield code="e">former owner.</subfield>
         <subfield code="5">NyNyUAW</subfield>
      </datafield>
      <datafield tag="700" ind1="1" ind2=" ">
         <subfield code="a">Tadmor, Hayim,</subfield>
         <subfield code="e">former owner.</subfield>
         <subfield code="5">NyNyUAW</subfield>
      </datafield>
      <datafield tag="700" ind1="1" ind2=" ">
         <subfield code="a">Stager, Lawrence E.,</subfield>
         <subfield code="e">former owner.</subfield>
         <subfield code="5">NyNyUAW</subfield>
      </datafield>
      <datafield tag="740" ind1="0" ind2="2">
         <subfield code="a">Canaan in the second millennium B.C.E.</subfield>
      </datafield>
      <datafield tag="740" ind1="0" ind2="2">
         <subfield code="a">Ancient Israel's history and historiography : the first temple period</subfield>
      </datafield>
      <datafield tag="740" ind1="0" ind2=" ">
         <subfield code="a">Tadmor Collection.</subfield>
         <subfield code="5">NyNyUAW</subfield>
      </datafield>
      <datafield tag="740" ind1="0" ind2=" ">
         <subfield code="a">Stager Collection.</subfield>
         <subfield code="5">NyNyUAW</subfield>
      </datafield>
      <datafield tag="856" ind1="4" ind2="2">
         <subfield code="3">Table of contents</subfield>
         <subfield code="u">http://www.loc.gov/catdir/toc/ecip0510/2005009376.html</subfield>
      </datafield>
      <datafield tag="OWN" ind1=" " ind2=" ">
         <subfield code="a">GENERAL</subfield>
      </datafield>
      <datafield tag="AVA" ind1=" " ind2=" ">
         <subfield code="a">NYU50</subfield>
         <subfield code="b">BOBST</subfield>
         <subfield code="c">Main Collection</subfield>
         <subfield code="d">DS121.3 .N33 2005</subfield>
         <subfield code="e">available</subfield>
         <subfield code="t">Available</subfield>
         <subfield code="f">3</subfield>
         <subfield code="g">0</subfield>
         <subfield code="h">Y</subfield>
         <subfield code="i">24</subfield>
         <subfield code="j">MAIN</subfield>
         <subfield code="k">0</subfield>
      </datafield>
      <datafield tag="AVA" ind1=" " ind2=" ">
         <subfield code="a">NYU50</subfield>
         <subfield code="b">NISAW</subfield>
         <subfield code="c">Small Collection</subfield>
         <subfield code="d">DS121.3 .N33 2005 Non-circulating</subfield>
         <subfield code="e">available</subfield>
         <subfield code="t">Available</subfield>
         <subfield code="f">3</subfield>
         <subfield code="g">0</subfield>
         <subfield code="h">Y</subfield>
         <subfield code="i">0</subfield>
         <subfield code="j">SMALL</subfield>
         <subfield code="k">0</subfield>
      </datafield>
      <marc:datafield tag="852" ind1=" " ind2=" ">
         <marc:subfield code="b">Institute for the Study of the Ancient World, </marc:subfield>
         <marc:subfield code="c">Small Collection</marc:subfield>
         <marc:subfield code="e">15 East 84th St., </marc:subfield>
         <marc:subfield code="e">New York, NY  10028</marc:subfield>
      </marc:datafield>
   </record>