
   <record
      xsi:schemaLocation="http://www.loc.gov/MARC21/slim http://www.loc.gov/standards/marcxml/schema/MARC21slim.xsd">
      <leader>00000cam a22     Ia 4500</leader>
      <controlfield tag="FMT">BK</controlfield>
      <controlfield tag="LDR">00000cam a22     Ia 4500</controlfield>
      <controlfield tag="001">006043724</controlfield>
      <controlfield tag="005">20180312112210.0</controlfield>
      <controlfield tag="008">180305s2003    miuabe   b    001 0 eng</controlfield>
      <datafield tag="010" ind1=" " ind2=" ">
         <subfield code="a">  2003040764</subfield>
      </datafield>
      <datafield tag="015" ind1=" " ind2=" ">
         <subfield code="a">GBA3Y6403</subfield>
         <subfield code="2">bnb</subfield>
      </datafield>
      <datafield tag="020" ind1=" " ind2=" ">
         <subfield code="a">0802849601</subfield>
         <subfield code="q">(alk. paper)</subfield>
      </datafield>
      <datafield tag="020" ind1=" " ind2=" ">
         <subfield code="a">9780802849601</subfield>
         <subfield code="q">(alk. paper)</subfield>
      </datafield>
      <datafield tag="035" ind1=" " ind2=" ">
         <subfield code="a">(OCoLC)51460734</subfield>
         <subfield code="z">(OCoLC)54454339</subfield>
         <subfield code="z">(OCoLC)982675353</subfield>
         <subfield code="z">(OCoLC)1026424960</subfield>
      </datafield>
      <datafield tag="040" ind1=" " ind2=" ">
         <subfield code="a">DLC</subfield>
         <subfield code="b">eng</subfield>
         <subfield code="c">DLC</subfield>
         <subfield code="d">UKM</subfield>
         <subfield code="d">C#P</subfield>
         <subfield code="d">YBM</subfield>
         <subfield code="d">MUQ</subfield>
         <subfield code="d">BAKER</subfield>
         <subfield code="d">NLGGC</subfield>
         <subfield code="d">BTCTA</subfield>
         <subfield code="d">YDXCP</subfield>
         <subfield code="d">OCLCG</subfield>
         <subfield code="d">AU@</subfield>
         <subfield code="d">IG#</subfield>
         <subfield code="d">GEBAY</subfield>
         <subfield code="d">OCLCQ</subfield>
         <subfield code="d">ZWZ</subfield>
         <subfield code="d">BDX</subfield>
         <subfield code="d">EUM</subfield>
         <subfield code="d">HNW</subfield>
         <subfield code="d">OCLCQ</subfield>
         <subfield code="d">OCLCF</subfield>
         <subfield code="d">OCLCA</subfield>
         <subfield code="d">OCLCQ</subfield>
         <subfield code="d">S3O</subfield>
         <subfield code="d">OCLCQ</subfield>
         <subfield code="d">IOG</subfield>
         <subfield code="d">DHA</subfield>
         <subfield code="d">MUX</subfield>
         <subfield code="d">OCLCQ</subfield>
         <subfield code="d">NNU</subfield>
      </datafield>
      <datafield tag="042" ind1=" " ind2=" ">
         <subfield code="a">pcc</subfield>
      </datafield>
      <datafield tag="050" ind1="0" ind2="0">
         <subfield code="a">BS1180</subfield>
         <subfield code="b">.K56 2003</subfield>
      </datafield>
      <datafield tag="082" ind1="0" ind2="0">
         <subfield code="a">221.1</subfield>
         <subfield code="2">22</subfield>
      </datafield>
      <datafield tag="084" ind1=" " ind2=" ">
         <subfield code="a">11.41</subfield>
         <subfield code="2">bcl</subfield>
      </datafield>
      <datafield tag="100" ind1="1" ind2=" ">
         <subfield code="a">Kitchen, K. A.</subfield>
         <subfield code="q">(Kenneth Anderson)</subfield>
      </datafield>
      <datafield tag="245" ind1="1" ind2="0">
         <subfield code="a">On the reliability of the Old Testament /</subfield>
         <subfield code="c">K.A. Kitchen.</subfield>
      </datafield>
      <datafield tag="260" ind1=" " ind2=" ">
         <subfield code="a">Grand Rapids, Mich. :</subfield>
         <subfield code="b">W.B. Eerdmans,</subfield>
         <subfield code="c">©2003.</subfield>
      </datafield>
      <datafield tag="300" ind1=" " ind2=" ">
         <subfield code="a">xxii, 662 pages :</subfield>
         <subfield code="b">illustrations, maps, plans ;</subfield>
         <subfield code="c">25 cm</subfield>
      </datafield>
      <datafield tag="336" ind1=" " ind2=" ">
         <subfield code="a">text</subfield>
         <subfield code="b">txt</subfield>
         <subfield code="2">rdacontent</subfield>
      </datafield>
      <datafield tag="337" ind1=" " ind2=" ">
         <subfield code="a">unmediated</subfield>
         <subfield code="b">n</subfield>
         <subfield code="2">rdamedia</subfield>
      </datafield>
      <datafield tag="338" ind1=" " ind2=" ">
         <subfield code="a">volume</subfield>
         <subfield code="b">nc</subfield>
         <subfield code="2">rdacarrier</subfield>
      </datafield>
      <datafield tag="504" ind1=" " ind2=" ">
         <subfield code="a">Includes bibliographical references (pages 501-601) and indexes.</subfield>
      </datafield>
      <datafield tag="505" ind1="0" ind2=" ">
         <subfield code="a">1. First things first -- What's in question? -- 2. "In medias res" -- the era of the Hebrew kingdoms -- 3. Home and away -- exile and return -- 4. The empire strikes back -- Saul, David, and Solomon -- 5. Humble beginnings -- around and in Canaan -- 6. Lotus eating and moving on -- Exodus and covenant -- 7. Founding fathers or fleeting phantoms -- the patriarchs -- 8. A vitamin supplement -- Prophets and prophecy -- 9. Back to Methuselah -- and well beyond -- 10. Last things last -- a few conclusions.</subfield>
      </datafield>
      <datafield tag="520" ind1="1" ind2=" ">
         <subfield code="a">"Kitchen draws on a range of historical data from the ancient Near East - the Bible's own world - and uses it to reassess both the biblical record and the critics who condemn it. Working back from the latest periods (for which hard evidence is readily available) to the remotest times. Kitchen systematically shows up the many failures of favored arguments against the Bible and marshals pertinent permanent evidence from antiquity's inscriptions and artifacts to demonstrate the basic honesty of the Old Testament writers."--BOOK JACKET.</subfield>
      </datafield>
      <datafield tag="500" ind1=" " ind2=" ">
         <subfield code="a">ISAW copy is from the library of Lawrence E. Stager.</subfield>
         <subfield code="5">NyNyUAW</subfield>
      </datafield>
      <datafield tag="630" ind1="0" ind2="0">
         <subfield code="a">Bible.</subfield>
         <subfield code="p">Old Testament</subfield>
         <subfield code="x">Evidences, authority, etc.</subfield>
      </datafield>
      <datafield tag="630" ind1="0" ind2="0">
         <subfield code="a">Bible.</subfield>
         <subfield code="p">Old Testament</subfield>
         <subfield code="x">History of Biblical events.</subfield>
      </datafield>
      <datafield tag="630" ind1="0" ind2="7">
         <subfield code="a">Bible.</subfield>
         <subfield code="p">Old Testament.</subfield>
         <subfield code="2">fast</subfield>
         <subfield code="0">(OCoLC)fst01808092</subfield>
      </datafield>
      <datafield tag="650" ind1=" " ind2="7">
         <subfield code="a">Authority</subfield>
         <subfield code="x">Religious aspects.</subfield>
         <subfield code="2">fast</subfield>
         <subfield code="0">(OCoLC)fst00821658</subfield>
      </datafield>
      <datafield tag="650" ind1=" " ind2="7">
         <subfield code="a">History of Biblical events.</subfield>
         <subfield code="2">fast</subfield>
         <subfield code="0">(OCoLC)fst01865053</subfield>
      </datafield>
      <datafield tag="700" ind1="1" ind2=" ">
         <subfield code="a">Stager, Lawrence E.,</subfield>
         <subfield code="e">former owner.</subfield>
         <subfield code="5">NyNyUAW</subfield>
      </datafield>
      <datafield tag="740" ind1="0" ind2=" ">
         <subfield code="a">Stager Collection.</subfield>
         <subfield code="5">NyNyUAW</subfield>
      </datafield>
      <datafield tag="856" ind1="4" ind2="1">
         <subfield code="3">Table of contents</subfield>
         <subfield code="u">http://catdir.loc.gov/catdir/toc/fy043/2003040764.html</subfield>
      </datafield>
      <datafield tag="OWN" ind1=" " ind2=" ">
         <subfield code="a">GENERAL</subfield>
      </datafield>
      <datafield tag="AVA" ind1=" " ind2=" ">
         <subfield code="a">NYU50</subfield>
         <subfield code="b">NISAW</subfield>
         <subfield code="c">Small Collection</subfield>
         <subfield code="d">BS1180 .K56 2003 Non-circulating</subfield>
         <subfield code="e">available</subfield>
         <subfield code="t">Available</subfield>
         <subfield code="f">1</subfield>
         <subfield code="g">0</subfield>
         <subfield code="h">N</subfield>
         <subfield code="i">0</subfield>
         <subfield code="j">SMALL</subfield>
         <subfield code="k">0</subfield>
      </datafield>
      <marc:datafield tag="852" ind1=" " ind2=" ">
         <marc:subfield code="b">Institute for the Study of the Ancient World, </marc:subfield>
         <marc:subfield code="c">Small Collection</marc:subfield>
         <marc:subfield code="e">15 East 84th St., </marc:subfield>
         <marc:subfield code="e">New York, NY  10028</marc:subfield>
      </marc:datafield>
   </record>