
   <record
      xsi:schemaLocation="http://www.loc.gov/MARC21/slim http://www.loc.gov/standards/marcxml/schema/MARC21slim.xsd">
      <leader>00000cam a2200337 a 4500</leader>
      <controlfield tag="FMT">BK</controlfield>
      <controlfield tag="LDR">00000cam a2200337 a 4500</controlfield>
      <controlfield tag="001">001989512</controlfield>
      <controlfield tag="003">NNU</controlfield>
      <controlfield tag="005">20130702140515.0</controlfield>
      <controlfield tag="008">940630s1986    gw af    b    100 0 ger</controlfield>
      <datafield tag="010" ind1=" " ind2=" ">
         <subfield code="a">86227268</subfield>
      </datafield>
      <datafield tag="020" ind1=" " ind2=" ">
         <subfield code="a">3496008792</subfield>
      </datafield>
      <datafield tag="035" ind1=" " ind2=" ">
         <subfield code="a">(CStRLIN)NYUG92-B6814</subfield>
      </datafield>
      <datafield tag="035" ind1="9" ind2=" ">
         <subfield code="a">NYUb10937385</subfield>
      </datafield>
      <datafield tag="040" ind1=" " ind2=" ">
         <subfield code="d">NNU</subfield>
      </datafield>
      <datafield tag="041" ind1="0" ind2=" ">
         <subfield code="a">ger</subfield>
         <subfield code="a">eng</subfield>
         <subfield code="a">fre</subfield>
      </datafield>
      <datafield tag="043" ind1=" " ind2=" ">
         <subfield code="a">a-iq---</subfield>
         <subfield code="a">aw-----</subfield>
      </datafield>
      <datafield tag="050" ind1="0" ind2=" ">
         <subfield code="a">PJ3601</subfield>
         <subfield code="b">.R46 1985</subfield>
      </datafield>
      <datafield tag="079" ind1=" " ind2=" ">
         <subfield code="a">(OCoLC)17412174</subfield>
      </datafield>
      <datafield tag="082" ind1="0" ind2=" ">
         <subfield code="a">892/.1</subfield>
         <subfield code="2">19</subfield>
      </datafield>
      <datafield tag="090" ind1=" " ind2=" ">
         <subfield code="a">PJ3601</subfield>
         <subfield code="b">.R46 1985</subfield>
         <subfield code="i">06/30/94 CT</subfield>
         <subfield code="h">02/11/92 CT</subfield>
      </datafield>
      <datafield tag="111" ind1="2" ind2=" ">
         <subfield code="a">Rencontre assyriologique internationale</subfield>
         <subfield code="n">(32nd :</subfield>
         <subfield code="d">1985 :</subfield>
         <subfield code="c">Münster in Westfalen, Germany)</subfield>
      </datafield>
      <datafield tag="245" ind1="1" ind2="0">
         <subfield code="a">Keilschriftliche Literaturen :</subfield>
         <subfield code="b">ausgewählte Vorträge der XXXII. Rencontre assyriologique internationale, Münster, 8.-12.7.1985 /</subfield>
         <subfield code="c">herausgegeben von Karl Hecker und Walter Sommerfeld.</subfield>
      </datafield>
      <datafield tag="260" ind1=" " ind2=" ">
         <subfield code="a">Berlin :</subfield>
         <subfield code="b">D. Reimer,</subfield>
         <subfield code="c">1986.</subfield>
      </datafield>
      <datafield tag="300" ind1=" " ind2=" ">
         <subfield code="a">xviii, 164 p., [1] leaf of plates :</subfield>
         <subfield code="b">ill. ;</subfield>
         <subfield code="c">24 cm.</subfield>
      </datafield>
      <datafield tag="490" ind1="1" ind2=" ">
         <subfield code="a">Berliner Beiträge zum Vorderen Orient ;</subfield>
         <subfield code="v">Bd. 6</subfield>
      </datafield>
      <datafield tag="500" ind1=" " ind2=" ">
         <subfield code="a">Contributions in English, French, or German.</subfield>
      </datafield>
      <datafield tag="504" ind1=" " ind2=" ">
         <subfield code="a">Includes bibliographical references.</subfield>
      </datafield>
      <datafield tag="505" ind1="0" ind2="0">
         <subfield code="t">Some thoughts on genre in Mesopotamien literature /</subfield>
         <subfield code="r">Vanstiphout, H. L. J. --</subfield>
         <subfield code="t">Allusions et reminiscences comme source d'Information sur la diffusion de la littérature /</subfield>
         <subfield code="r">Finet, André --</subfield>
         <subfield code="t">Edin-na ú-sag-gá: reconstruction, history, and interpretation of a Sumerian cultic lament /</subfield>
         <subfield code="r">Alster, B. --</subfield>
         <subfield code="t">Inschrift der 'Geierstele' als literascher Text /</subfield>
         <subfield code="r">Steiner, G. --</subfield>
         <subfield code="t">Name Anzu-dSùd in the Fara Texts /</subfield>
         <subfield code="r">Charvát, Petr --</subfield>
         <subfield code="t">Ninurta mythology in the Babylonian epic of creation /</subfield>
         <subfield code="r">Lambert, W. --</subfield>
         <subfield code="t">Kill Anzu! On a point of literary evolution /</subfield>
         <subfield code="r">Vogelzang, M. --</subfield>
         <subfield code="t">Probleme historisch-lehrhafter Dichtung in Mesopotamien /</subfield>
         <subfield code="r">Galter, Hannes D. --</subfield>
         <subfield code="t">Volksliterature in mesopotamischer Überlieferung /</subfield>
         <subfield code="r">Röllig, Wolfgang --</subfield>
         <subfield code="t">Some proposed restorations to the Atrahasīs Epic /</subfield>
         <subfield code="r">Der Westhuizen, J. van --</subfield>
         <subfield code="t">Einführungsszene in der altbabylonischen Literature: Bemerkungen zum persönlichen Gott /</subfield>
         <subfield code="r">Groneberg, B. --</subfield>
         <subfield code="t">Neuassyrische Königsinschriften als Genre der Keilschriftliteratur - Zum Stil und zur Kompositionstechnik der Inschriften Sargons II. von ASsyrien /</subfield>
         <subfield code="r">Renger, Johannes --</subfield>
         <subfield code="t">Motiv der Kindesaussetzung in den altanatolischen Literaruren /</subfield>
         <subfield code="r">Ünal, A. --</subfield>
         <subfield code="t">King's arbitration in ancient Near Eastern folk-tale /</subfield>
         <subfield code="r">Lipiński, E. --</subfield>
         <subfield code="t">Libraries in the city of Assur /</subfield>
         <subfield code="r">Pedersén, O. --</subfield>
         <subfield code="t">Publications of the Kültepe tablets housed in Ankara /</subfield>
         <subfield code="r">Donbaz, Veysel --</subfield>
         <subfield code="t">Cultic literature of Ugarit. Hermeneutical issues and their application to KTU 1.1112 /</subfield>
         <subfield code="r">Olmo Lete, Gregorio del.</subfield>
      </datafield>
      <datafield tag="500" ind1=" " ind2=" ">
         <subfield code="a">ISAW copy is from the library of Hayim and Miriam Tadmor.</subfield>
         <subfield code="5">NyNyUAW</subfield>
      </datafield>
      <datafield tag="583" ind1="1" ind2=" ">
         <subfield code="a">committed to retain</subfield>
         <subfield code="c">20160630</subfield>
         <subfield code="d">20310630</subfield>
         <subfield code="f">EAST</subfield>
         <subfield code="h">Elmer Holmes Bobst Library</subfield>
         <subfield code="z">This title retained by New York University Libraries on behalf of the Eastern Academic Scholars Trust (EAST)</subfield>
         <subfield code="5">NNU</subfield>
      </datafield>
      <datafield tag="650" ind1=" " ind2="0">
         <subfield code="a">Assyro-Babylonian literature</subfield>
         <subfield code="x">History and criticism</subfield>
         <subfield code="v">Congresses.</subfield>
      </datafield>
      <datafield tag="650" ind1=" " ind2="0">
         <subfield code="a">Middle Eastern literature</subfield>
         <subfield code="x">History and criticism</subfield>
         <subfield code="v">Congresses.</subfield>
      </datafield>
      <datafield tag="700" ind1="1" ind2=" ">
         <subfield code="a">Hecker, Karl,</subfield>
         <subfield code="d">1933-</subfield>
      </datafield>
      <datafield tag="700" ind1="1" ind2=" ">
         <subfield code="a">Sommerfeld, Walter.</subfield>
      </datafield>
      <datafield tag="700" ind1="1" ind2=" ">
         <subfield code="a">Tadmor, Miriam,</subfield>
         <subfield code="e">former owner.</subfield>
         <subfield code="5">NyNyUAW</subfield>
      </datafield>
      <datafield tag="700" ind1="1" ind2=" ">
         <subfield code="a">Tadmor, Hayim,</subfield>
         <subfield code="e">former owner.</subfield>
         <subfield code="5">NyNyUAW</subfield>
      </datafield>
      <datafield tag="740" ind1="0" ind2=" ">
         <subfield code="a">Tadmor Collection.</subfield>
         <subfield code="5">NyNyUAW</subfield>
      </datafield>
      <datafield tag="830" ind1=" " ind2="0">
         <subfield code="a">Berliner Beiträge zum Vorderen Orient ;</subfield>
         <subfield code="v">Bd. 6.</subfield>
      </datafield>
      <datafield tag="OWN" ind1=" " ind2=" ">
         <subfield code="a">GENERAL</subfield>
      </datafield>
      <datafield tag="998" ind1=" " ind2=" ">
         <subfield code="a">06/30/94</subfield>
         <subfield code="t">b</subfield>
         <subfield code="s">9110</subfield>
         <subfield code="n">NNU</subfield>
         <subfield code="w">DCLC86227268B</subfield>
         <subfield code="d">02/11/92</subfield>
         <subfield code="b">MP</subfield>
         <subfield code="i">940630</subfield>
         <subfield code="h">920211</subfield>
         <subfield code="l">NYUG</subfield>
      </datafield>
      <datafield tag="AVA" ind1=" " ind2=" ">
         <subfield code="a">NYU50</subfield>
         <subfield code="b">BOBST</subfield>
         <subfield code="c">Main Collection</subfield>
         <subfield code="d">PJ3601 .R46 1985</subfield>
         <subfield code="e">unavailable</subfield>
         <subfield code="t">Unavailable</subfield>
         <subfield code="f">1</subfield>
         <subfield code="g">1</subfield>
         <subfield code="h">N</subfield>
         <subfield code="i">4</subfield>
         <subfield code="j">MAIN</subfield>
         <subfield code="k">0</subfield>
      </datafield>
      <datafield tag="AVA" ind1=" " ind2=" ">
         <subfield code="a">NYU50</subfield>
         <subfield code="b">NIFA</subfield>
         <subfield code="c">Main Collection</subfield>
         <subfield code="d">PJ3601 .R46 1985 Non-Circulating</subfield>
         <subfield code="e">unavailable</subfield>
         <subfield code="t">Unavailable</subfield>
         <subfield code="f">1</subfield>
         <subfield code="g">1</subfield>
         <subfield code="h">N</subfield>
         <subfield code="i">0</subfield>
         <subfield code="j">MAIN</subfield>
         <subfield code="k">0</subfield>
      </datafield>
      <datafield tag="AVA" ind1=" " ind2=" ">
         <subfield code="a">NYU50</subfield>
         <subfield code="b">NISAW</subfield>
         <subfield code="c">Small Collection</subfield>
         <subfield code="d">DS56 .R46 1985 Non-circulating</subfield>
         <subfield code="e">available</subfield>
         <subfield code="t">Available</subfield>
         <subfield code="f">1</subfield>
         <subfield code="g">0</subfield>
         <subfield code="h">N</subfield>
         <subfield code="i">0</subfield>
         <subfield code="j">SMALL</subfield>
         <subfield code="k">0</subfield>
      </datafield>
      <marc:datafield tag="852" ind1=" " ind2=" ">
         <marc:subfield code="b">Institute for the Study of the Ancient World, </marc:subfield>
         <marc:subfield code="c">Small Collection</marc:subfield>
         <marc:subfield code="e">15 East 84th St., </marc:subfield>
         <marc:subfield code="e">New York, NY  10028</marc:subfield>
      </marc:datafield>
   </record>