
   <record
      xsi:schemaLocation="http://www.loc.gov/MARC21/slim http://www.loc.gov/standards/marcxml/schema/MARC21slim.xsd">
      <leader>00000cam a2200433Ii 4500</leader>
      <controlfield tag="FMT">BK</controlfield>
      <controlfield tag="LDR">00000cam a2200433Ii 4500</controlfield>
      <controlfield tag="001">006043728</controlfield>
      <controlfield tag="003">OCoLC</controlfield>
      <controlfield tag="005">20180530094331.0</controlfield>
      <controlfield tag="008">170920t20172017wlkae    b    001 0 eng d</controlfield>
      <datafield tag="010" ind1=" " ind2=" ">
         <subfield code="a">2017473706</subfield>
      </datafield>
      <datafield tag="020" ind1=" " ind2=" ">
         <subfield code="a">1910589624</subfield>
      </datafield>
      <datafield tag="020" ind1=" " ind2=" ">
         <subfield code="a">9781910589625</subfield>
      </datafield>
      <datafield tag="035" ind1=" " ind2=" ">
         <subfield code="a">(OCoLC)1004255200</subfield>
      </datafield>
      <datafield tag="040" ind1=" " ind2=" ">
         <subfield code="a">YDX</subfield>
         <subfield code="b">eng</subfield>
         <subfield code="c">YDX</subfield>
         <subfield code="d">CDX</subfield>
         <subfield code="d">EYM</subfield>
         <subfield code="d">OCLCF</subfield>
         <subfield code="d">COD</subfield>
         <subfield code="d">ZYU</subfield>
         <subfield code="d">HCH</subfield>
         <subfield code="d">OCL</subfield>
         <subfield code="d">DLC</subfield>
         <subfield code="d">WAU</subfield>
         <subfield code="d">ZYU</subfield>
      </datafield>
      <datafield tag="043" ind1=" " ind2=" ">
         <subfield code="a">e-gr---</subfield>
         <subfield code="a">aw-----</subfield>
      </datafield>
      <datafield tag="050" ind1=" " ind2="4">
         <subfield code="a">JC75.M65</subfield>
         <subfield code="b">H35 2017</subfield>
      </datafield>
      <datafield tag="082" ind1="0" ind2="4">
         <subfield code="a">320.438</subfield>
         <subfield code="2">23</subfield>
      </datafield>
      <datafield tag="245" ind1="0" ind2="4">
         <subfield code="a">The Hellenistic court :</subfield>
         <subfield code="b">monarchic power and elite society from Alexander to Cleopatra /</subfield>
         <subfield code="c">edited by Andrew Erskine, Lloyd Llewellyn-Jones, and Shane Wallace.</subfield>
      </datafield>
      <datafield tag="264" ind1=" " ind2="1">
         <subfield code="a">Swansea :</subfield>
         <subfield code="b">The Classical Press of Wales,</subfield>
         <subfield code="c">2017.</subfield>
      </datafield>
      <datafield tag="264" ind1=" " ind2="4">
         <subfield code="c">©2017</subfield>
      </datafield>
      <datafield tag="300" ind1=" " ind2=" ">
         <subfield code="a">xxx, 442 pages :</subfield>
         <subfield code="b">illustrations, plans ;</subfield>
         <subfield code="c">24 cm</subfield>
      </datafield>
      <datafield tag="337" ind1=" " ind2=" ">
         <subfield code="a">unmediated</subfield>
         <subfield code="b">n</subfield>
         <subfield code="2">rdamedia</subfield>
      </datafield>
      <datafield tag="338" ind1=" " ind2=" ">
         <subfield code="a">volume</subfield>
         <subfield code="b">nc</subfield>
         <subfield code="2">rdacarrier</subfield>
      </datafield>
      <datafield tag="504" ind1=" " ind2=" ">
         <subfield code="a">Includes bibliographical references and index.</subfield>
      </datafield>
      <datafield tag="505" ind1="0" ind2="0">
         <subfield code="g">Part I.</subfield>
         <subfield code="t">Development.</subfield>
         <subfield code="t">Court, Kingship, and Royal Style in the Early Hellenistic Period /</subfield>
         <subfield code="r">Shane Wallace --</subfield>
         <subfield code="t">At Home with Royalty: Re-viewing the Hellenistic Palace /</subfield>
         <subfield code="r">Janette Morgan --</subfield>
         <subfield code="t">The Seleucid and Achaemenid Court: Continuity or Change? /</subfield>
         <subfield code="r">David Engels.</subfield>
         <subfield code="g">Part II.</subfield>
         <subfield code="t">Life at Court.</subfield>
         <subfield code="t">Bios aulikos: The Multiple Ways of Life of Courtiers in the Hellenistic Age /</subfield>
         <subfield code="r">Ivana Savalli-Lestrade --</subfield>
         <subfield code="t">Eunuchs, Renegades and Concubines: The 'Paradox of Power' and the Promotion of Favourites in the Hellenistic Empires /</subfield>
         <subfield code="r">Rolf Strootman --</subfield>
         <subfield code="t">Callimachus, Theocritus and Ptolemaic Court Etiquette /</subfield>
         <subfield code="r">Ivana Petrovic.</subfield>
         <subfield code="g">Part III.</subfield>
         <subfield code="t">Marriage.</subfield>
         <subfield code="t">Symbol and Ceremony: Royal Weddings in the Hellenistic Age /</subfield>
         <subfield code="r">Sheila L. Ager --</subfield>
         <subfield code="t">Once a Seleucid, Always a Seleucid: Seleucid Princesses and their Nuptial Courts /</subfield>
         <subfield code="r">Alex McAuley.</subfield>
         <subfield code="g">Part IV.</subfield>
         <subfield code="t">Beyond the Palace.</subfield>
         <subfield code="t">In the Mirror of Hetairai: Tracing Aspects of the Interaction Between Polis Life and Court Life in the Early Hellenistic Age /</subfield>
         <subfield code="r">Kostas Buraselis --</subfield>
         <subfield code="t">Image and Communication in the Seleucid Kingdom: the King, the Court and the Cities /</subfield>
         <subfield code="r">Paola Ceccarelli --</subfield>
         <subfield code="t">Outside the Capital: the Ptolemaic Court and its Courtiers /</subfield>
         <subfield code="r">Dorothy J. Thompson --</subfield>
         <subfield code="t">'Court-ing the Public': the Attalid Court and Domestic Display /</subfield>
         <subfield code="r">Craig Hardiman.</subfield>
         <subfield code="g">Part V.</subfield>
         <subfield code="t">Crossing Cultures.</subfield>
         <subfield code="t">Hellenistic Court Patronage and the non-Greek World /</subfield>
         <subfield code="r">Erich Gruen --</subfield>
         <subfield code="t">Bithynia and Cappadocia: Royal Courts and Ruling Society in the Minor Hellenistic Monarchies /</subfield>
         <subfield code="r">Oleg Gabelko --</subfield>
         <subfield code="t">Deserving the Court's Trust: Jews in Ptolemaic Egypt /</subfield>
         <subfield code="r">Livia Capponi.</subfield>
         <subfield code="g">Part VI.</subfield>
         <subfield code="t">Disloyalty and Death.</subfield>
         <subfield code="t">Misconduct and Disloyalty in the Seleucid Court /</subfield>
         <subfield code="r">Peter Franz Mittag --</subfield>
         <subfield code="t">The Hands of Gods? Poison in the Hellenistic Court /</subfield>
         <subfield code="r">Stephanie Winder --</subfield>
         <subfield code="t">The Royal Court in Ancient Macedonia: the Evidence for Royal Tombs /</subfield>
         <subfield code="r">Olga Palagia.</subfield>
      </datafield>
      <datafield tag="651" ind1=" " ind2="0">
         <subfield code="a">Greece</subfield>
         <subfield code="x">Court and courtiers</subfield>
         <subfield code="x">History.</subfield>
      </datafield>
      <datafield tag="651" ind1=" " ind2="0">
         <subfield code="a">Middle East</subfield>
         <subfield code="x">Court and courtiers</subfield>
         <subfield code="x">History.</subfield>
      </datafield>
      <datafield tag="650" ind1=" " ind2="0">
         <subfield code="a">Monarchy</subfield>
         <subfield code="z">Greece.</subfield>
      </datafield>
      <datafield tag="650" ind1=" " ind2="0">
         <subfield code="a">Monarchy</subfield>
         <subfield code="z">Middle East.</subfield>
      </datafield>
      <datafield tag="651" ind1=" " ind2="0">
         <subfield code="a">Greece</subfield>
         <subfield code="x">Politics and government</subfield>
         <subfield code="y">To 146 B.C.</subfield>
      </datafield>
      <datafield tag="651" ind1=" " ind2="0">
         <subfield code="a">Greece</subfield>
         <subfield code="x">Politics and government</subfield>
         <subfield code="y">146 B.C.-323 A.D.</subfield>
      </datafield>
      <datafield tag="651" ind1=" " ind2="0">
         <subfield code="a">Middle East</subfield>
         <subfield code="x">Politics and government.</subfield>
      </datafield>
      <datafield tag="651" ind1=" " ind2="0">
         <subfield code="a">Middle East</subfield>
         <subfield code="x">History</subfield>
         <subfield code="y">To 622.</subfield>
      </datafield>
      <datafield tag="650" ind1=" " ind2="7">
         <subfield code="a">Monarchy.</subfield>
         <subfield code="2">fast</subfield>
         <subfield code="0">(OCoLC)fst01025055</subfield>
      </datafield>
      <datafield tag="650" ind1=" " ind2="7">
         <subfield code="a">Politics and government.</subfield>
         <subfield code="2">fast</subfield>
         <subfield code="0">(OCoLC)fst01919741</subfield>
      </datafield>
      <datafield tag="651" ind1=" " ind2="7">
         <subfield code="a">Greece.</subfield>
         <subfield code="2">fast</subfield>
         <subfield code="0">(OCoLC)fst01208380</subfield>
      </datafield>
      <datafield tag="648" ind1=" " ind2="7">
         <subfield code="a">To 323.</subfield>
         <subfield code="2">fast</subfield>
      </datafield>
      <datafield tag="700" ind1="1" ind2=" ">
         <subfield code="a">Erskine, Andrew,</subfield>
         <subfield code="e">editor.</subfield>
      </datafield>
      <datafield tag="700" ind1="1" ind2=" ">
         <subfield code="a">Llewellyn-Jones, Lloyd.,</subfield>
         <subfield code="e">editor.</subfield>
      </datafield>
      <datafield tag="700" ind1="1" ind2=" ">
         <subfield code="a">Wallace, Shane,</subfield>
         <subfield code="d">1982-</subfield>
         <subfield code="e">editor.</subfield>
      </datafield>
      <datafield tag="OWN" ind1=" " ind2=" ">
         <subfield code="a">GENERAL</subfield>
      </datafield>
      <datafield tag="AVA" ind1=" " ind2=" ">
         <subfield code="a">NYU50</subfield>
         <subfield code="b">NISAW</subfield>
         <subfield code="c">Small Collection</subfield>
         <subfield code="d">JC75.M65 H35 2017 Non-circulating</subfield>
         <subfield code="e">available</subfield>
         <subfield code="t">Available</subfield>
         <subfield code="f">1</subfield>
         <subfield code="g">0</subfield>
         <subfield code="h">N</subfield>
         <subfield code="i">0</subfield>
         <subfield code="j">SMALL</subfield>
         <subfield code="k">0</subfield>
      </datafield>
      <marc:datafield tag="852" ind1=" " ind2=" ">
         <marc:subfield code="b">Institute for the Study of the Ancient World, </marc:subfield>
         <marc:subfield code="c">Small Collection</marc:subfield>
         <marc:subfield code="e">15 East 84th St., </marc:subfield>
         <marc:subfield code="e">New York, NY  10028</marc:subfield>
      </marc:datafield>
   </record>