
   <record
      xsi:schemaLocation="http://www.loc.gov/MARC21/slim http://www.loc.gov/standards/marcxml/schema/MARC21slim.xsd">
      <leader>00000cam a2200409Ii 4500</leader>
      <controlfield tag="FMT">BK</controlfield>
      <controlfield tag="LDR">00000cam a2200409Ii 4500</controlfield>
      <controlfield tag="001">006044713</controlfield>
      <controlfield tag="003">OCoLC</controlfield>
      <controlfield tag="005">20180530093358.0</controlfield>
      <controlfield tag="008">180111s2018    xxkabe   b    001 0 eng d</controlfield>
      <datafield tag="020" ind1=" " ind2=" ">
         <subfield code="a">9781138999893</subfield>
      </datafield>
      <datafield tag="020" ind1=" " ind2=" ">
         <subfield code="a">113899989X</subfield>
      </datafield>
      <datafield tag="035" ind1=" " ind2=" ">
         <subfield code="a">(OCoLC)1019660645</subfield>
      </datafield>
      <datafield tag="040" ind1=" " ind2=" ">
         <subfield code="a">ERASA</subfield>
         <subfield code="b">eng</subfield>
         <subfield code="e">rda</subfield>
         <subfield code="c">ERASA</subfield>
         <subfield code="d">OCLCO</subfield>
         <subfield code="d">ZYU</subfield>
         <subfield code="d">CUY</subfield>
         <subfield code="d">EYM</subfield>
         <subfield code="d">OCLCA</subfield>
         <subfield code="d">ZYU</subfield>
      </datafield>
      <datafield tag="043" ind1=" " ind2=" ">
         <subfield code="a">a-ir---</subfield>
      </datafield>
      <datafield tag="050" ind1=" " ind2="4">
         <subfield code="a">DS65</subfield>
         <subfield code="b">.E447 2018</subfield>
      </datafield>
      <datafield tag="082" ind1="0" ind2="4">
         <subfield code="a">932-933</subfield>
      </datafield>
      <datafield tag="245" ind1="0" ind2="4">
         <subfield code="a">The Elamite world /</subfield>
         <subfield code="c">edited by Javier Álvarez-Mon, Gian Pietro Basello and Yasmina Wicks.</subfield>
      </datafield>
      <datafield tag="264" ind1=" " ind2="1">
         <subfield code="a">London ;</subfield>
         <subfield code="a">New York :</subfield>
         <subfield code="b">Routledge,</subfield>
         <subfield code="c">2018.</subfield>
      </datafield>
      <datafield tag="300" ind1=" " ind2=" ">
         <subfield code="a">xxv, 868 pages :</subfield>
         <subfield code="b">illustrations, maps, plans;</subfield>
         <subfield code="c">26 cm</subfield>
      </datafield>
      <datafield tag="336" ind1=" " ind2=" ">
         <subfield code="a">text</subfield>
         <subfield code="b">txt</subfield>
         <subfield code="2">rdacontent</subfield>
      </datafield>
      <datafield tag="337" ind1=" " ind2=" ">
         <subfield code="a">unmediated</subfield>
         <subfield code="b">n</subfield>
         <subfield code="2">rdamedia</subfield>
      </datafield>
      <datafield tag="338" ind1=" " ind2=" ">
         <subfield code="a">volume</subfield>
         <subfield code="b">nc</subfield>
         <subfield code="2">rdacarrier</subfield>
      </datafield>
      <datafield tag="504" ind1=" " ind2=" ">
         <subfield code="a">Includes bibliographical references and index.</subfield>
      </datafield>
      <datafield tag="505" ind1="0" ind2=" ">
         <subfield code="t">Introduction /</subfield>
         <subfield code="r">Javier Álvarez-Mon, Gian Pietro Basello, and Yasmina Wicks.</subfield>
         <subfield code="g">Part I.</subfield>
         <subfield code="t">Imagining Elam: the history of research and its sources.</subfield>
         <subfield code="t">Aelam regio : Elam in Western scholarship from the Renaissance to the late 19th century /</subfield>
         <subfield code="r">Daniel T. Potts --</subfield>
         <subfield code="t">Elam and the Bible /</subfield>
         <subfield code="r">Peter Dubovský --</subfield>
         <subfield code="t">France and Elam /</subfield>
         <subfield code="r">Nicole Chevalier --</subfield>
         <subfield code="t">Between orientalism and Persomania: The presentation of the Iranian collections at the Louvre /</subfield>
         <subfield code="r">Marianne Cotty --</subfield>
         <subfield code="t">Elamite forgeries and the antiquities market /</subfield>
         <subfield code="r">Oscar White Muscarella.</subfield>
         <subfield code="g">Part II.</subfield>
         <subfield code="t">The land and peoples of Elam.</subfield>
         <subfield code="t">Physical geography and environment of Elam /</subfield>
         <subfield code="r">Cameron A. Petrie, Morteza Djamali, Matthew D. Jones --</subfield>
         <subfield code="t">Metals and mining /</subfield>
         <subfield code="r">Barbara Helwing --</subfield>
         <subfield code="t">The peoples of Elam /</subfield>
         <subfield code="r">Ran Zadok --</subfield>
         <subfield code="t">Elamites and Iranians /</subfield>
         <subfield code="r">Jan Tavernier.</subfield>
         <subfield code="g">Part III.</subfield>
         <subfield code="t">Elam through history.</subfield>
         <subfield code="t">The birth of Elam in history /</subfield>
         <subfield code="r">Piotr Steinkeller --</subfield>
         <subfield code="t">The Old Elamite period /</subfield>
         <subfield code="r">Luca Peyronel --</subfield>
         <subfield code="t">Elam in the Middle Elamite period /</subfield>
         <subfield code="r">Behzad Mofidi-Nasrabadi --</subfield>
         <subfield code="t">The last centuries of Elam: the Neo-Elamite period /</subfield>
         <subfield code="r">Elynn Gorris and Yasmina Wicks.</subfield>
      </datafield>
      <datafield tag="505" ind1="0" ind2=" ">
         
         <subfield code="g">Part IV.</subfield>
         <subfield code="t">Close encounters on the eastern and western fronts.</subfield>
         <subfield code="t">Great Domino games: From Elam, looking eastwards /</subfield>
         <subfield code="r">Massimo Vidale --</subfield>
         <subfield code="t">Elam and Babylonia c. 1400–1100 BC /</subfield>
         <subfield code="r">Ran Zadok --</subfield>
         <subfield code="t">Elam and Assyria /</subfield>
         <subfield code="r">Peter Dubovský --</subfield>
         <subfield code="t">Propaganda and symbolism: Representations of the Elamites at the time of Ashurbanipal /</subfield>
         <subfield code="r">Shahrokh Razmjou.</subfield>
         <subfield code="g">Part V.</subfield>
         <subfield code="t">Language and writing in Elam.</subfield>
         <subfield code="t">Prehistoric administrative technologies and the ancient Near Eastern redistribution economy: The case of greater Susiana /</subfield>
         <subfield code="r">Denise Schmandt-Besserat --</subfield>
         <subfield code="t">The proto-Elamite writing system /</subfield>
         <subfield code="r">Jacob L. Dahl --</subfield>
         <subfield code="t">Linear Elamite writing /</subfield>
         <subfield code="r">François Desset --</subfield>
         <subfield code="t">The Elamite language /</subfield>
         <subfield code="r">Jan Tavernier --</subfield>
         <subfield code="t">Writing in Elam /</subfield>
         <subfield code="r">Jean-Jacques Glassner --</subfield>
         <subfield code="t">Elamite royal inscriptions /</subfield>
         <subfield code="r">Florence Malbran-Labat --</subfield>
         <subfield code="t">Elamite administration /</subfield>
         <subfield code="r">Gian Pietro Basello and Grazia Giovinazzo.</subfield>
      </datafield>
      <datafield tag="505" ind1="0" ind2=" ">

         <subfield code="g">Part VI.</subfield>
         <subfield code="g">The material culture of Elam.</subfield>
         <subfield code="t">Elamite architecture /</subfield>
         <subfield code="r">Behzad Mofidi-Nasrabadi --</subfield>
         <subfield code="t">Elamite ceramics /</subfield>
         <subfield code="r">Bernadette K. McCall --</subfield>
         <subfield code="t">The metal arts of Elam /</subfield>
         <subfield code="r">François Bridey --</subfield>
         <subfield code="t">The industry of vitreous materials in Elam /</subfield>
         <subfield code="r">Noëmi Daucé --</subfield>
         <subfield code="t">Origins of monumental sculpture in Elam: Two case studies /</subfield>
         <subfield code="r">Holly Pittman --</subfield>
         <subfield code="t">The sculptural arts of Elam /</subfield>
         <subfield code="r">Javier Álvarez-Mon --</subfield>
         <subfield code="t">Glyptic in the 4th–2nd millennium /</subfield>
         <subfield code="r">Enrico Ascalone --</subfield>
         <subfield code="t">Glyptic in the 1st millennium /</subfield>
         <subfield code="r">Mark B. Garrison --</subfield>
         <subfield code="t">Elamite dress and textiles /</subfield>
         <subfield code="r">Trudy S. Kawami.</subfield>
         <subfield code="g">Part VII.</subfield>
         <subfield code="t">Elamite society.</subfield>
         <subfield code="t">Cuneiform culture and science, calendars, and metrology in Elam /</subfield>
         <subfield code="r">Gian Pietro Basello, Enrico Ascalone --</subfield>
         <subfield code="t">Elamite religion and ritual /</subfield>
         <subfield code="r">Enrique Quintana --</subfield>
         <subfield code="t">Elamite funerary practices /</subfield>
         <subfield code="r">Hermann Gasche and Steven W. Cole --</subfield>
         <subfield code="t">Women of Elam /</subfield>
         <subfield code="r">Aurelie Daems --</subfield>
         <subfield code="t">Music /</subfield>
         <subfield code="r">Bo Lawergren.</subfield>
         <subfield code="g">Part VIII.</subfield>
         <subfield code="t">The legacy of Elam.</subfield>
         <subfield code="t">Elamite administrative and religious heritage in the Persian heartland /</subfield>
         <subfield code="r">Wouter F.M. Henkelman --</subfield>
         <subfield code="t">The Elamite artistic heritage of Persia /</subfield>
         <subfield code="r">Javier Álvarez-Mon --</subfield>
         <subfield code="t">Elam in Achaemenid studies /</subfield>
         <subfield code="r">Adriano V. Rossi.</subfield>
      </datafield>
      <datafield tag="520" ind1="8" ind2=" ">
         <subfield code="a">"Amongst the civilizations to participate in the dynamic processes of contact and interchange that gave rise to complex societies in the ancient Near East, Elam has remained one of the most obscure, at times languishing in the background of scholarly inquiry. In recent years, however, an increasing body of academic publications have suggested that the legacy of Elam was more considerable and long-lasting than previously estimated. The Elamite World assembles a group of forty international scholars to contribute their expertise to the production of a solid, lavishly illustrated, English language treatment of Elamite civilization, covering topics such as its physical setting, historical development, languages and people, material culture, art, science, religion and society. Also treated are the legacy of Elam in the Persian empire and its presence in the modern world. This comprehensive and ambitious survey seeks for Elam, hardly a household name, a noteworthy place in our shared cultural heritage. It will be both a valuable introductory text for a general audience and a definitive reference source for students and academics"--</subfield>
         <subfield code="c">Page i.</subfield>
      </datafield>
      <datafield tag="651" ind1=" " ind2="0">
         <subfield code="a">Elam</subfield>
         <subfield code="x">Civilization.</subfield>
      </datafield>
      <datafield tag="651" ind1=" " ind2="0">
         <subfield code="a">Elam</subfield>
         <subfield code="x">Antiquities.</subfield>
      </datafield>
      <datafield tag="650" ind1=" " ind2="0">
         <subfield code="a">Excavations (Archaeology)</subfield>
         <subfield code="z">Iran</subfield>
         <subfield code="z">Elam.</subfield>
      </datafield>
      <datafield tag="651" ind1=" " ind2="0">
         <subfield code="a">Iran</subfield>
         <subfield code="x">History</subfield>
         <subfield code="y">To 640.</subfield>
      </datafield>
      <datafield tag="651" ind1=" " ind2="7">
         <subfield code="a">Elam.</subfield>
         <subfield code="2">pleiades</subfield>
         <subfield code="0">https://pleiades.stoa.org/places/912842</subfield>
      </datafield>
      <datafield tag="700" ind1="1" ind2=" ">
         <subfield code="a">Álvarez-Mon, Javier,</subfield>
         <subfield code="e">editor.</subfield>
      </datafield>
      <datafield tag="700" ind1="1" ind2=" ">
         <subfield code="a">Basello, Gian Pietro,</subfield>
         <subfield code="e">editor.</subfield>
      </datafield>
      <datafield tag="700" ind1="1" ind2=" ">
         <subfield code="a">Wicks, Yasmina,</subfield>
         <subfield code="e">editor.</subfield>
      </datafield>
      <datafield tag="OWN" ind1=" " ind2=" ">
         <subfield code="a">GENERAL</subfield>
      </datafield>
      <datafield tag="AVA" ind1=" " ind2=" ">
         <subfield code="a">NYU50</subfield>
         <subfield code="b">NISAW</subfield>
         <subfield code="c">Small Collection</subfield>
         <subfield code="d">DS65 .E447 2018 Non-circulating</subfield>
         <subfield code="e">available</subfield>
         <subfield code="t">Available</subfield>
         <subfield code="f">1</subfield>
         <subfield code="g">0</subfield>
         <subfield code="h">N</subfield>
         <subfield code="i">0</subfield>
         <subfield code="j">SMALL</subfield>
         <subfield code="k">0</subfield>
      </datafield>
      <marc:datafield tag="852" ind1=" " ind2=" ">
         <marc:subfield code="b">Institute for the Study of the Ancient World, </marc:subfield>
         <marc:subfield code="c">Small Collection</marc:subfield>
         <marc:subfield code="e">15 East 84th St., </marc:subfield>
         <marc:subfield code="e">New York, NY  10028</marc:subfield>
      </marc:datafield>
   </record>