
   <record
      xsi:schemaLocation="http://www.loc.gov/MARC21/slim http://www.loc.gov/standards/marcxml/schema/MARC21slim.xsd">
      <leader>00000cam a2200817 a 4500</leader>
      <controlfield tag="FMT">BK</controlfield>
      <controlfield tag="LDR">00000cam a2200817 a 4500</controlfield>
      <controlfield tag="001">000792291</controlfield>
      <controlfield tag="003">OCoLC</controlfield>
      <controlfield tag="005">20180323103009.0</controlfield>
      <controlfield tag="008">010830m20029999enkabe   b    000 0 eng</controlfield>
      <datafield tag="010" ind1=" " ind2=" ">
         <subfield code="a">2002392365</subfield>
      </datafield>
      <datafield tag="015" ind1=" " ind2=" ">
         <subfield code="a">GBA1V6321</subfield>
         <subfield code="2">bnb</subfield>
      </datafield>
      <datafield tag="016" ind1="7" ind2=" ">
         <subfield code="a">010770941</subfield>
         <subfield code="2">Uk</subfield>
      </datafield>
      <datafield tag="020" ind1=" " ind2=" ">
         <subfield code="a">1842170570 (v. 1)</subfield>
      </datafield>
      <datafield tag="020" ind1=" " ind2=" ">
         <subfield code="a">9781842170571 (v. 1)</subfield>
      </datafield>
      <datafield tag="020" ind1=" " ind2=" ">
         <subfield code="a">9789652210814 (v. 3)</subfield>
      </datafield>
      <datafield tag="020" ind1=" " ind2=" ">
         <subfield code="a">9652210811 (v. 3)</subfield>
      </datafield>
      <datafield tag="020" ind1=" " ind2=" ">
         <subfield code="a">9789652210944 (v. 4)</subfield>
      </datafield>
      <datafield tag="035" ind1=" " ind2=" ">
         <subfield code="a">(OCoLC)47939159</subfield>
         <subfield code="z">(OCoLC)52087487</subfield>
      </datafield>
      <datafield tag="040" ind1=" " ind2=" ">
         <subfield code="a">UKM</subfield>
         <subfield code="b">eng</subfield>
         <subfield code="c">UKM</subfield>
         <subfield code="d">DLC</subfield>
         <subfield code="d">BAKER</subfield>
         <subfield code="d">BTCTA</subfield>
         <subfield code="d">YDXCP</subfield>
         <subfield code="d">NDD</subfield>
         <subfield code="d">UBC</subfield>
         <subfield code="d">HEBIS</subfield>
         <subfield code="d">DTM</subfield>
         <subfield code="d">N5L</subfield>
         <subfield code="d">CGU</subfield>
         <subfield code="d">IXA</subfield>
         <subfield code="d">ZCU</subfield>
         <subfield code="d">SYB</subfield>
         <subfield code="d">NNU</subfield>
      </datafield>
      <datafield tag="042" ind1=" " ind2=" ">
         <subfield code="a">lccopycat</subfield>
      </datafield>
      <datafield tag="043" ind1=" " ind2=" ">
         <subfield code="a">a-is---</subfield>
         <subfield code="a">aw-----</subfield>
      </datafield>
      <datafield tag="050" ind1="0" ind2="0">
         <subfield code="a">GN776.32.I75</subfield>
         <subfield code="b">S33 2002</subfield>
      </datafield>
      <datafield tag="079" ind1=" " ind2=" ">
         <subfield code="a">(OCoLC)47939159</subfield>
      </datafield>
      <datafield tag="082" ind1="0" ind2="0">
         <subfield code="a">933</subfield>
         <subfield code="2">21</subfield>
      </datafield>
      <datafield tag="245" ind1="0" ind2="0">
         <subfield code="a">Sha'ar Hagolan.</subfield>
      </datafield>
      <datafield tag="260" ind1=" " ind2=" ">
         <subfield code="3">v. 1</subfield>
         <subfield code="a">Oxford :</subfield>
         <subfield code="b">Oxbow Books,</subfield>
         <subfield code="c">c2002-</subfield>
      </datafield>
      <datafield tag="260" ind1="3" ind2=" ">
         <subfield code="3">v. 2-4</subfield>
         <subfield code="a">[Jerusalem] :</subfield>
         <subfield code="b">Institute of archaeology, Hebrew University of Jerusalem :</subfield>
         <subfield code="b">Israel Exploration Society</subfield>
      </datafield>
      <datafield tag="300" ind1=" " ind2=" ">
         <subfield code="a">v. :</subfield>
         <subfield code="b">ill., maps, plans ;</subfield>
         <subfield code="c">29-32 cm.</subfield>
      </datafield>
      <datafield tag="490" ind1="1" ind2=" ">
         <subfield code="a">Qedem reports,</subfield>
         <subfield code="x">0793-4289 ;</subfield>
         <subfield code="v">9</subfield>
      </datafield>
      <datafield tag="500" ind1=" " ind2=" ">
         <subfield code="a">Series statement on vol. 2 only.</subfield>
      </datafield>
      <datafield tag="500" ind1=" " ind2=" ">
         <subfield code="a">ISAW copy (v.2) is from the library of Lawrence E. Stager.</subfield>
         <subfield code="5">NyNyUAW</subfield>
      </datafield>
      <datafield tag="504" ind1=" " ind2=" ">
         <subfield code="a">Includes bibliographical references.</subfield>
      </datafield>
      <datafield tag="505" ind1="1" ind2="0">
         <subfield code="g">[Volume] 1.</subfield>
         <subfield code="t">Neolithic art in context /</subfield>
         <subfield code="r">Yosef Garfinkel and Michele A. Miller with contributions by Susan E. Allen ... [et al.] --</subfield>
         <subfield code="g">[Volume] 2.</subfield>
         <subfield code="t">Rise of urban concepts in the Ancient Near East /</subfield>
         <subfield code="r">Yosef Garfinkel and David Ben-Shlomo with contributions by Michele A. Miller, Ariel Vered, Daphna Zuckerman --</subfield>
         <subfield code="g">[Volume] 3.</subfield>
         <subfield code="t">Symbolic dimensions of the Yarmukian culture: canonization in Neolithic art /</subfield>
         <subfield code="r">Yosef Garfinkel, David Ben-Shlomo, and Naomi Korn with contributions by Michael Freikman and Dov Levitte --</subfield>
      </datafield>
      <datafield tag="505" ind1="8" ind2="0">
         <subfield code="g">[Volume] 4.</subfield>
         <subfield code="t">Ground-stone industry : stone working at the dawn of pottery production in the southern Levant /</subfield>
         <subfield code="r">Danny Rosenberg and Yosef Garfinkel, with contributions by Daniella Bar-Yosef Mayer and Ariel Vered.</subfield>
         <subfield code="g">Chapter 1.</subfield>
         <subfield code="t">Introduction --</subfield>
         <subfield code="g">Chapter 2.</subfield>
         <subfield code="t">Lower grinding stones --</subfield>
         <subfield code="g">Chapter 3.</subfield>
         <subfield code="t">Bowls, mortars and bowlets --</subfield>
         <subfield code="g">Chapter 4.</subfield>
         <subfield code="t">Processors --</subfield>
         <subfield code="g">Chapter 5.</subfield>
         <subfield code="t">Pestles --</subfield>
         <subfield code="g">Chapter 6.</subfield>
         <subfield code="t">Bifacial tools --</subfield>
         <subfield code="g">Chapter 7.</subfield>
         <subfield code="t">Grooved items /</subfield>
         <subfield code="r">Ariel Vered --</subfield>
         <subfield code="g">Chapter 8.</subfield>
         <subfield code="t">Weights and other perforated pebbles --</subfield>
         <subfield code="g">Chapter 9.</subfield>
         <subfield code="t">Whorls --</subfield>
         <subfield code="g">Chapter 10.</subfield>
         <subfield code="t">Maceheads --</subfield>
         <subfield code="g">Chapter 11.</subfield>
         <subfield code="t">Various types, varia and unidentified tool fragments --</subfield>
         <subfield code="g">Chapter 12.</subfield>
         <subfield code="t">Stone beads /</subfield>
         <subfield code="r">Daniella Bar-Yosef Mayer --</subfield>
         <subfield code="g">Chapter 13.</subfield>
         <subfield code="t">Incised pebbles and seals /</subfield>
         <subfield code="r">Yosef Garfinkel --</subfield>
         <subfield code="g">Chapter 14.</subfield>
         <subfield code="t">Flaked limestone industry --</subfield>
         <subfield code="g">Chapter 15.</subfield>
         <subfield code="t">Pre-pottery neoloithic C stone assemblage --</subfield>
         <subfield code="g">Chapter 16.</subfield>
         <subfield code="t">Contextual data and spatial distribution of the Sha'ar Hagolan ground-stone tools --</subfield>
         <subfield code="g">Chapter 17.</subfield>
         <subfield code="t">Discussion.</subfield>
      </datafield>
      <datafield tag="583" ind1="1" ind2=" ">
         <subfield code="a">committed to retain</subfield>
         <subfield code="c">20160630</subfield>
         <subfield code="d">20310630</subfield>
         <subfield code="f">EAST</subfield>
         <subfield code="h">Elmer Holmes Bobst Library</subfield>
         <subfield code="z">This title retained by New York University Libraries on behalf of the Eastern Academic Scholars Trust (EAST)</subfield>
         <subfield code="5">NNU</subfield>
      </datafield>
      <datafield tag="651" ind1=" " ind2="0">
         <subfield code="a">Shaʻar ha-Golan Site (Israel)</subfield>
      </datafield>
      <datafield tag="650" ind1=" " ind2="0">
         <subfield code="a">Neolithic period</subfield>
         <subfield code="z">Israel</subfield>
         <subfield code="z">Shaʻar ha-Golan Site.</subfield>
      </datafield>
      <datafield tag="650" ind1=" " ind2="0">
         <subfield code="a">Neolithic period</subfield>
         <subfield code="z">Yarmuk River Region.</subfield>
      </datafield>
      <datafield tag="650" ind1=" " ind2="0">
         <subfield code="a">Figurines, Prehistoric</subfield>
         <subfield code="z">Yarmuk River Region.</subfield>
      </datafield>
      <datafield tag="650" ind1=" " ind2="0">
         <subfield code="a">Tools, Prehistoric</subfield>
         <subfield code="z">Yarmuk River Region.</subfield>
      </datafield>
      <datafield tag="650" ind1=" " ind2="0">
         <subfield code="a">Excavations (Archaeology)</subfield>
         <subfield code="z">Yarmuk River Region.</subfield>
      </datafield>
      <datafield tag="650" ind1=" " ind2="0">
         <subfield code="a">Architecture</subfield>
         <subfield code="z">Middle East.</subfield>
      </datafield>
      <datafield tag="651" ind1=" " ind2="0">
         <subfield code="a">Yarmuk River Region</subfield>
         <subfield code="x">Antiquities.</subfield>
      </datafield>
      <datafield tag="651" ind1=" " ind2="0">
         <subfield code="a">Shaʻar ha-Golan Site (Israel)</subfield>
         <subfield code="x">Antiquities.</subfield>
      </datafield>
      <datafield tag="651" ind1=" " ind2="7">
         <subfield code="a">Sha'ar Hagolan.</subfield>
         <subfield code="2">pleiades</subfield>
         <subfield code="0">https://pleiades.stoa.org/places/112487386</subfield>
      </datafield>
      <datafield tag="700" ind1="1" ind2=" ">
         <subfield code="a">Garfinkel, Yosef,</subfield>
         <subfield code="e">contributor.</subfield>
      </datafield>
      <datafield tag="700" ind1="1" ind2=" ">
         <subfield code="a">Miller, Michele A.,</subfield>
         <subfield code="e">contributor.</subfield>
      </datafield>
      <datafield tag="700" ind1="1" ind2=" ">
         <subfield code="a">Ben-Shlomo, David,</subfield>
         <subfield code="e">contributor.</subfield>
      </datafield>
      <datafield tag="700" ind1="1" ind2=" ">
         <subfield code="a">Allen, Susan E.,</subfield>
         <subfield code="d">1970-</subfield>
         <subfield code="e">contributor.</subfield>
      </datafield>
      <datafield tag="700" ind1="1" ind2=" ">
         <subfield code="a">Vered, Ariel,</subfield>
         <subfield code="e">contributor.</subfield>
      </datafield>
      <datafield tag="700" ind1="1" ind2=" ">
         <subfield code="a">Korn, Naomi,</subfield>
         <subfield code="e">contributor.</subfield>
      </datafield>
      <datafield tag="700" ind1="1" ind2=" ">
         <subfield code="a">Freikman, Michael,</subfield>
         <subfield code="e">contributor.</subfield>
      </datafield>
      <datafield tag="700" ind1="1" ind2=" ">
         <subfield code="a">Levitte, Dov,</subfield>
         <subfield code="d">1936-</subfield>
         <subfield code="e">contributor.</subfield>
      </datafield>
      <datafield tag="700" ind1="1" ind2=" ">
         <subfield code="a">Zuckerman, Daphna,</subfield>
         <subfield code="e">contributor.</subfield>
      </datafield>
      <datafield tag="700" ind1="1" ind2=" ">
         <subfield code="a">Rosenberg, Danny,</subfield>
         <subfield code="e">contributor.</subfield>
      </datafield>
      <datafield tag="700" ind1="1" ind2=" ">
         <subfield code="a">Mayer, Daniella Bar-Yosef,</subfield>
         <subfield code="e">contributor.</subfield>
      </datafield>
      <datafield tag="740" ind1="0" ind2="2">
         <subfield code="a">Neolithic art in context.</subfield>
      </datafield>
      <datafield tag="740" ind1="0" ind2="2">
         <subfield code="a">Rise of urban concepts in the Ancient Near East.</subfield>
      </datafield>
      <datafield tag="740" ind1="0" ind2="2">
         <subfield code="a">Symbolic dimensions of the Yarmukian culture.</subfield>
      </datafield>
      <datafield tag="740" ind1="0" ind2="2">
         <subfield code="a">Ground-stone industry.</subfield>
      </datafield>
      <datafield tag="700" ind1="1" ind2=" ">
         <subfield code="a">Stager, Lawrence E.,</subfield>
         <subfield code="e">former owner.</subfield>
         <subfield code="5">NyNyUAW</subfield>
      </datafield>
      <datafield tag="740" ind1="0" ind2=" ">
         <subfield code="a">Stager Collection.</subfield>
         <subfield code="5">NyNyUAW</subfield>
      </datafield>
      <datafield tag="710" ind1="2" ind2=" ">
         <subfield code="a">Shelby White and Leon Levy Program for Archaeological Publications (Firm)</subfield>
      </datafield>
      <datafield tag="797" ind1="2" ind2=" ">
         <subfield code="a">White Levy Program Collection.</subfield>
      </datafield>
      <datafield tag="797" ind1="2" ind2=" ">
         <subfield code="a">WLP Collection.</subfield>
      </datafield>
      <datafield tag="830" ind1=" " ind2="0">
         <subfield code="a">Qedem reports ;</subfield>
         <subfield code="v">9.</subfield>
      </datafield>
      <datafield tag="OWN" ind1=" " ind2=" ">
         <subfield code="a">GENERAL</subfield>
      </datafield>
      <datafield tag="AVA" ind1=" " ind2=" ">
         <subfield code="a">NYU50</subfield>
         <subfield code="b">BOBST</subfield>
         <subfield code="c">Main Collection</subfield>
         <subfield code="d">GN776.32.I75 S33 2002</subfield>
         <subfield code="e">unavailable</subfield>
         <subfield code="t">Unavailable</subfield>
         <subfield code="f">1</subfield>
         <subfield code="g">1</subfield>
         <subfield code="h">Y</subfield>
         <subfield code="i">1</subfield>
         <subfield code="j">MAIN</subfield>
         <subfield code="k">0</subfield>
      </datafield>
      <datafield tag="AVA" ind1=" " ind2=" ">
         <subfield code="a">NYU50</subfield>
         <subfield code="b">NISAW</subfield>
         <subfield code="c">Oversize Collection</subfield>
         <subfield code="d">GN776.32.I75 S33 Non-circulating</subfield>
         <subfield code="e">check_holdings</subfield>
         <subfield code="t">Check Holdings</subfield>
         <subfield code="h">Y</subfield>
         <subfield code="j">OVERZ</subfield>
         <subfield code="k">0</subfield>
      </datafield>
      <marc:datafield tag="852" ind1=" " ind2=" ">
         <marc:subfield code="b">Institute for the Study of the Ancient World, </marc:subfield>
         <marc:subfield code="c">Oversize Collection</marc:subfield>
         <marc:subfield code="e">15 East 84th St., </marc:subfield>
         <marc:subfield code="e">New York, NY  10028</marc:subfield>
      </marc:datafield>
   </record>