
   <record
      xsi:schemaLocation="http://www.loc.gov/MARC21/slim http://www.loc.gov/standards/marcxml/schema/MARC21slim.xsd">
      <leader>00000nam a22     Ii 4500</leader>
      <controlfield tag="FMT">BK</controlfield>
      <controlfield tag="LDR">00000nam a22     Ii 4500</controlfield>
      <controlfield tag="001">006045899</controlfield>
      <controlfield tag="005">20180525105943.0</controlfield>
      <controlfield tag="008">180313s2016    ru a     b    010 0 rus d</controlfield>
      <datafield tag="020" ind1=" " ind2=" ">
         <subfield code="a">9785020397606</subfield>
      </datafield>
      <datafield tag="020" ind1=" " ind2=" ">
         <subfield code="a">5020397601</subfield>
      </datafield>
      <datafield tag="035" ind1=" " ind2=" ">
         <subfield code="a">(OCoLC)1028579898</subfield>
      </datafield>
      <datafield tag="040" ind1=" " ind2=" ">
         <subfield code="a">ZYU</subfield>
         <subfield code="b">eng</subfield>
         <subfield code="e">rda</subfield>
         <subfield code="c">ZYU</subfield>
      </datafield>
      <datafield tag="041" ind1="0" ind2=" ">
         <subfield code="a">rus</subfield>
         <subfield code="b">eng</subfield>
      </datafield>
      <datafield tag="043" ind1=" " ind2=" ">
         <subfield code="a">me-----</subfield>
         <subfield code="a">ac-----</subfield>
         <subfield code="a">e-urs--</subfield>
      </datafield>
      <datafield tag="050" ind1=" " ind2="4">
         <subfield code="a">DS26</subfield>
         <subfield code="b">.T5814 2016</subfield>
      </datafield>
      <datafield tag="245" ind1="0" ind2="0">
         <subfield code="6">880-01</subfield>
         <subfield code="a">Ti͡urkologicheskiĭ sbornik 2013-2014 :</subfield>
         <subfield code="b">Pami͡ati Sergei͡a Grigorʹevicha Kli͡ashtornogo (1928-2014) /</subfield>
         <subfield code="c">red. kol. T.D. Skrynnikova [and others].</subfield>
      </datafield>
      <datafield tag="246" ind1="3" ind2="0">
         <subfield code="a">Pami͡ati Sergei͡a Grigorʹevicha Kli͡ashtornogo (1928-2014)</subfield>
      </datafield>
      <datafield tag="260" ind1=" " ind2=" ">
         <subfield code="6">880-02</subfield>
         <subfield code="a">Moskva :</subfield>
         <subfield code="b">Nauka ;</subfield>
         <subfield code="b">Vostochnai͡a Literatura,</subfield>
         <subfield code="c">2016.</subfield>
      </datafield>
      <datafield tag="300" ind1=" " ind2=" ">
         <subfield code="a">358 pages :</subfield>
         <subfield code="b">illustrations, photos ;</subfield>
         <subfield code="c">23 cm</subfield>
      </datafield>
      <datafield tag="336" ind1=" " ind2=" ">
         <subfield code="a">text</subfield>
         <subfield code="b">txt</subfield>
         <subfield code="2">rdacontent</subfield>
      </datafield>
      <datafield tag="337" ind1=" " ind2=" ">
         <subfield code="a">unmediated</subfield>
         <subfield code="b">n</subfield>
         <subfield code="2">rdamedia</subfield>
      </datafield>
      <datafield tag="338" ind1=" " ind2=" ">
         <subfield code="a">volume</subfield>
         <subfield code="b">nc</subfield>
         <subfield code="2">rdacarrier</subfield>
      </datafield>
      <datafield tag="500" ind1=" " ind2=" ">
         <subfield code="6">880-03</subfield>
         <subfield code="a">"Nauchnoe izdanie"--Colophon.</subfield>
      </datafield>
      <datafield tag="500" ind1=" " ind2=" ">
         <subfield code="6">880-04</subfield>
         <subfield code="a">At head of title: Rossiĭskai͡a akademii͡a nauk. Institut vostochnykh rukopiseĭ (Aziatskiĭ muzeĭ)</subfield>
      </datafield>
      <datafield tag="500" ind1=" " ind2=" ">
         <subfield code="a">Articles in Russian and English. Abstracts also in English</subfield>
      </datafield>
      <datafield tag="600" ind1="1" ind2="0">
         <subfield code="a">Kli͡ashtornyĭ, S. G.</subfield>
      </datafield>
      <datafield tag="650" ind1=" " ind2="0">
         <subfield code="a">Turkic peoples</subfield>
         <subfield code="z">Eurasia</subfield>
         <subfield code="x">History.</subfield>
      </datafield>
      <datafield tag="650" ind1=" " ind2="0">
         <subfield code="a">Turkic peoples</subfield>
         <subfield code="z">Asia, Central</subfield>
         <subfield code="x">History.</subfield>
      </datafield>
      <datafield tag="650" ind1=" " ind2="0">
         <subfield code="a">Turkic peoples</subfield>
         <subfield code="z">Russia (Federation)</subfield>
         <subfield code="z">Siberia</subfield>
         <subfield code="x">History.</subfield>
      </datafield>
      <datafield tag="700" ind1="1" ind2=" ">
         <subfield code="6">880-05</subfield>
         <subfield code="a">Kli͡ashtornyĭ, S. G.,</subfield>
         <subfield code="e">honouree.</subfield>
      </datafield>
      <datafield tag="700" ind1="1" ind2=" ">
         <subfield code="6">880-06</subfield>
         <subfield code="a">Skrynnikova, T. D.</subfield>
         <subfield code="q">(Tatʹi͡ana Dmitrievna),</subfield>
         <subfield code="e">editor.</subfield>
      </datafield>
      <datafield tag="711" ind1="2" ind2=" ">
         <subfield code="6">880-07</subfield>
         <subfield code="a">Institut vostochnykh rukopiseĭ (Rossiĭskai͡a akademii͡a nauk),</subfield>
         <subfield code="e">issuing body.</subfield>
      </datafield>
      <datafield tag="880" ind1="0" ind2="0">
         <subfield code="6">245-01/</subfield>
         <subfield code="a">Тюркологический сборник 2013-2014 :</subfield>
         <subfield code="b">Памяти Сергея Григорьевича Кляшторного (1928-2014) /</subfield>
         <subfield code="c">ред. кол. Т.Д. Скрынникова [аnd others].</subfield>
      </datafield>
      <datafield tag="880" ind1=" " ind2=" ">
         <subfield code="6">260-02/</subfield>
         <subfield code="a">Москва :</subfield>
         <subfield code="b">Наука ;</subfield>
         <subfield code="b">Восточная Литература,</subfield>
         <subfield code="c">2016.</subfield>
      </datafield>
      <datafield tag="880" ind1=" " ind2=" ">
         <subfield code="6">500-03/</subfield>
         <subfield code="a">"Научное издание"--Colophon.</subfield>
      </datafield>
      <datafield tag="880" ind1=" " ind2=" ">
         <subfield code="6">500-04/</subfield>
         <subfield code="a">Аt head of title: Российская академия наук. Институт восточных рукописей (Азиатский музей)</subfield>
      </datafield>
      <datafield tag="880" ind1="1" ind2=" ">
         <subfield code="6">700-05/</subfield>
         <subfield code="a">Кляшторный, С. Г.,</subfield>
         <subfield code="e">honouree.</subfield>
      </datafield>
      <datafield tag="880" ind1="1" ind2=" ">
         <subfield code="6">700-06/</subfield>
         <subfield code="a">Скрынникова, Т. Д.</subfield>
         <subfield code="q">(Татьяна Дмитриевна),</subfield>
         <subfield code="e">еditor.</subfield>
      </datafield>
      <datafield tag="880" ind1="2" ind2=" ">
         <subfield code="6">711-07/</subfield>
         <subfield code="a">Институт восточных рукописей (Российская академия наук),</subfield>
         <subfield code="e">issuing body.</subfield>
      </datafield>
      <datafield tag="OWN" ind1=" " ind2=" ">
         <subfield code="a">GENERAL</subfield>
      </datafield>
      <datafield tag="STA" ind1=" " ind2=" ">
         <subfield code="a">SUPPRESSED</subfield>
      </datafield>
   </record>