
   <record
      xsi:schemaLocation="http://www.loc.gov/MARC21/slim http://www.loc.gov/standards/marcxml/schema/MARC21slim.xsd">
      <leader>00000cam a2200313 a 4500</leader>
      <controlfield tag="FMT">BK</controlfield>
      <controlfield tag="LDR">00000cam a2200313 a 4500</controlfield>
      <controlfield tag="001">001653686</controlfield>
      <controlfield tag="003">NNU</controlfield>
      <controlfield tag="005">20180323113240.0</controlfield>
      <controlfield tag="008">000928m20009999is abe   b    000 0 eng c</controlfield>
      <datafield tag="020" ind1=" " ind2=" ">
         <subfield code="a">9652210404</subfield>
         <subfield code="q">(v. 1)</subfield>
      </datafield>
      <datafield tag="020" ind1=" " ind2=" ">
         <subfield code="a">965221051X</subfield>
         <subfield code="q">(v. 2)</subfield>
      </datafield>
      <datafield tag="020" ind1=" " ind2=" ">
         <subfield code="a">9652210609</subfield>
         <subfield code="q">(v. 3)</subfield>
      </datafield>
      <datafield tag="020" ind1=" " ind2=" ">
         <subfield code="a">9789652210807</subfield>
         <subfield code="q">(v. 4)</subfield>
      </datafield>
      <datafield tag="020" ind1=" " ind2=" ">
         <subfield code="a">9789652210869</subfield>
         <subfield code="q">(v. 5)</subfield>
      </datafield>
      <datafield tag="020" ind1=" " ind2=" ">
         <subfield code="a">9789652210937</subfield>
         <subfield code="q">(v. 6)</subfield>
      </datafield>
      <datafield tag="020" ind1=" " ind2=" ">
         <subfield code="a">9789652211163</subfield>
         <subfield code="q">(v. 7)</subfield>
      </datafield>
      <datafield tag="035" ind1="9" ind2=" ">
         <subfield code="a">NYUb12190072</subfield>
      </datafield>
      <datafield tag="035" ind1=" " ind2=" ">
         <subfield code="a">(NNU)NYUb12190072</subfield>
      </datafield>
      <datafield tag="035" ind1=" " ind2=" ">
         <subfield code="a">(NYU)NYUb12190072</subfield>
      </datafield>
      <datafield tag="035" ind1=" " ind2=" ">
         <subfield code="a">(CStRLIN)NYUGB12190072-B</subfield>
      </datafield>
      <datafield tag="040" ind1=" " ind2=" ">
         <subfield code="a">NNU</subfield>
         <subfield code="b">eng</subfield>
         <subfield code="c">NNU</subfield>
         <subfield code="d">NNU</subfield>
      </datafield>
      <datafield tag="042" ind1=" " ind2=" ">
         <subfield code="a">pcc</subfield>
      </datafield>
      <datafield tag="043" ind1=" " ind2=" ">
         <subfield code="a">a-is---</subfield>
         <subfield code="a">awba---</subfield>
      </datafield>
      <datafield tag="050" ind1=" " ind2="4">
         <subfield code="a">DS109.8.J45</subfield>
         <subfield code="b">J49 2000</subfield>
      </datafield>
      <datafield tag="079" ind1=" " ind2=" ">
         <subfield code="a">(OCoLC)45346108</subfield>
      </datafield>
      <datafield tag="245" ind1="0" ind2="0">
         <subfield code="a">Jewish Quarter excavations in the Old City of Jerusalem :</subfield>
         <subfield code="b">conducted by Nahman Avigad, 1969-1982 /</subfield>
         <subfield code="c">editor, Hillel Geva ; contributions by N. Avigad ... [et al.].</subfield>
      </datafield>
      <datafield tag="260" ind1=" " ind2=" ">
         <subfield code="a">Jerusalem :</subfield>
         <subfield code="b">Israel Exploration Society :</subfield>
         <subfield code="b">Institute of Archaeology, Hebrew University of Jerusalem,</subfield>
         <subfield code="c">2000-&lt;2017&gt;</subfield>
      </datafield>
      <datafield tag="300" ind1=" " ind2=" ">
         <subfield code="a">v. &lt;1-7&gt; :</subfield>
         <subfield code="b">ill. (some col.), maps, plans ;</subfield>
         <subfield code="c">32 cm.</subfield>
      </datafield>
      <datafield tag="504" ind1=" " ind2=" ">
         <subfield code="a">Includes bibliographical references.</subfield>
      </datafield>
      <datafield tag="505" ind1="0" ind2="0">
         <subfield code="g">v. 1.</subfield>
         <subfield code="t">Architecture and stratigraphy, areas A, W, and X-2 : final report /</subfield>
         <subfield code="r">Geva, Hillel,</subfield>
         <subfield code="g">editor.</subfield>
         <subfield code="t">General introduction to the excavations in the Jewish Quarter /</subfield>
         <subfield code="r">Geva, Hillel --</subfield>
         <subfield code="t">Selected publications by Nahman Avigad concerning the Jewis Quarter excavations.</subfield>
         <subfield code="t">Introduction to Volume I /</subfield>
         <subfield code="r">Geva, Hillel --</subfield>
         <subfield code="t">Area A : stratigraphy and architecture.</subfield>
         <subfield code="t">Introduction /</subfield>
         <subfield code="r">Geva, Hillel --</subfield>
         <subfield code="r">Reich, Ronny --</subfield>
         <subfield code="t">Iron Age II strata 9-7 /</subfield>
         <subfield code="r">Reich, Ronny --</subfield>
         <subfield code="t">Areq W : stratigraphy and architecture /</subfield>
         <subfield code="r">Geva, Hillel --</subfield>
         <subfield code="r">Avigad, Nahman --</subfield>
         <subfield code="t">Area X-2 : stratigraphy and architecture /</subfield>
         <subfield code="r">Geva, Hillel --</subfield>
         <subfield code="r">Avigad, Nahman --</subfield>
         <subfield code="t">The lmlk and related seal impressions /</subfield>
         <subfield code="r">Avigad, Nahman --</subfield>
         <subfield code="r">Barkay, Gabriel --</subfield>
         <subfield code="t">Imported Greek stamped amphora handles /</subfield>
         <subfield code="r">Ariel, Donald T.</subfield>
         <subfield code="g">Appendix:</subfield>
         <subfield code="g">On amphoras and ritual purity.</subfield>
      </datafield>
      <datafield tag="505" ind1="8" ind2="0">
         <subfield code="g">v. 2.</subfield>
         <subfield code="t">Finds from areas A, W, and X-2 : final report /</subfield>
         <subfield code="r">Geva, Hillel.</subfield>
         <subfield code="g">[Part I.]</subfield>
         <subfield code="t">First Temple period.</subfield>
         <subfield code="t">Iron Age II pottery /</subfield>
         <subfield code="r">de Groot, Alon --</subfield>
         <subfield code="r">Geva, Hillel --</subfield>
         <subfield code="r">Yezerski, Irit --</subfield>
         <subfield code="t">Iron Age II incised potsherds and potters' marks /</subfield>
         <subfield code="r">Barkay, Gabriel --</subfield>
         <subfield code="t">Iron Age II clay figurines /</subfield>
         <subfield code="r">Yezerski, Irit --</subfield>
         <subfield code="r">Geva, Hillel --</subfield>
         <subfield code="t">Rosette stamp seal impressions /</subfield>
         <subfield code="r">Cahill, Jane M. --</subfield>
         <subfield code="t">Provenance of the rosette stamp seal impressions /</subfield>
         <subfield code="r">Yellin, Joseph --</subfield>
         <subfield code="r">Cahill, Jane M. --</subfield>
         <subfield code="t">Provenance of the lmlk stamp seal impressions /</subfield>
         <subfield code="r">Yellin, Joseph --</subfield>
         <subfield code="r">Cahill, Jane M.</subfield>
         <subfield code="g">[Part II.]</subfield>
         <subfield code="t">Second Temple period.</subfield>
         <subfield code="t">Hellenistic pottery from Areas W and X-2 /</subfield>
         <subfield code="r">Geva, Hillel --</subfield>
         <subfield code="t">Local pottery from area A /</subfield>
         <subfield code="r">Geva, Hillel --</subfield>
         <subfield code="r">Rosenthal-Heginbottom, Renate --</subfield>
         <subfield code="t">Hellenistic and early Roman fine ware and lamps from area A /</subfield>
         <subfield code="r">Rosenthal-Heginbottom, Renate --</subfield>
         <subfield code="t">Imported amphora fragments from area A /</subfield>
         <subfield code="r">Ariel, Donald T. --</subfield>
         <subfield code="t">Local seal impressions of the Hellenistic period /</subfield>
         <subfield code="r">Reich, Ronny --</subfield>
         <subfield code="t">Stone vessels, weights and architectural fragments /</subfield>
         <subfield code="r">Reich, Ronny --</subfield>
         <subfield code="t">Fragments of clay stoves /</subfield>
         <subfield code="r">Reich, Ronny --</subfield>
         <subfield code="t">Gemstones /</subfield>
         <subfield code="r">Hershkovitz, Malka --</subfield>
         <subfield code="t">Wall painting fragments from area A /</subfield>
         <subfield code="r">Rozenberg, Silvia --</subfield>
         <subfield code="t">An incised depiction of the Temple Menorah and other cult objects of the Second Temple period /</subfield>
         <subfield code="r">Habas, Li-hi --</subfield>
         <subfield code="t">Bone and ivory artifacts /</subfield>
         <subfield code="r">Geva, Hillel --</subfield>
         <subfield code="t">Metal artifacts /</subfield>
         <subfield code="r">Zitronblat, Avital --</subfield>
         <subfield code="r">Geva, Hillel --</subfield>
         <subfield code="t">Glass vessels from area A /</subfield>
         <subfield code="r">Gorin-Rosen, Yael --</subfield>
         <subfield code="t">Aramaic ostraca from areas W and X-2 /</subfield>
         <subfield code="r">Eshel, Esther.</subfield>
         <subfield code="g">[Part III.]</subfield>
         <subfield code="t">Roman, Byzantine and early Islamic periods.</subfield>
         <subfield code="t">Stamp impressions of the Legio X Fretensis /</subfield>
         <subfield code="r">Geva, Hillel --</subfield>
         <subfield code="t">Late Roman and Byzantine pottery /</subfield>
         <subfield code="r">Magness, Jodi --</subfield>
         <subfield code="t">Early Islamic through Mamluk pottery /</subfield>
         <subfield code="r">Avissar, Miriam.</subfield>
      </datafield>
      <datafield tag="505" ind1="8" ind2="0">
         <subfield code="g">[Part IV.]</subfield>
         <subfield code="t">Miscellaneous finds /</subfield>
         <subfield code="r">Geva, Hillel --</subfield>
         <subfield code="t">Various inscribed pottery sherds /</subfield>
         <subfield code="r">Reich, Ronny --</subfield>
         <subfield code="t">Coins /</subfield>
         <subfield code="r">Gitler, Haim --</subfield>
         <subfield code="t">Animal remains /</subfield>
         <subfield code="r">Horwitz, Liora Kolska /</subfield>
         <subfield code="r">Lernau, Omri --</subfield>
         <subfield code="t">Archaeobotanical remains /</subfield>
         <subfield code="r">Liphschitz, Nili --</subfield>
         <subfield code="t">Summary and discussion of findings from areas A, W and X-2 /</subfield>
         <subfield code="r">Geva, Hillel --</subfield>
         <subfield code="t">Concordance of finds in areas A, W and X-2 /</subfield>
         <subfield code="r">Gutfeld, Oren.</subfield>
      </datafield>
      <datafield tag="505" ind1="8" ind2="0">
         <subfield code="g">v. 3.</subfield>
         <subfield code="t">Area E and other studies: final report /</subfield>
         <subfield code="r">Geva, Hillel.</subfield>
         <subfield code="g">Part one :</subfield>
         <subfield code="t">Stratigraphy, architecture, and finds from area E.</subfield>
         <subfield code="t">Stratigraphy and architecture /</subfield>
         <subfield code="r">Geva, Hillel --</subfield>
         <subfield code="t">Perforated stone basins /</subfield>
         <subfield code="r">Reich, Ronny --</subfield>
         <subfield code="r">Geva, Hillel --</subfield>
         <subfield code="t">Iron Age II pottery /</subfield>
         <subfield code="r">Yezerski, Irit --</subfield>
         <subfield code="t">Local pottery of the Hellenistic and early Roman periods /</subfield>
         <subfield code="r">Geva, Hillel --</subfield>
         <subfield code="r">Hershkovitz, Malka --</subfield>
         <subfield code="t">Late Hellenistic and early Roman lamps and fine ware /</subfield>
         <subfield code="r">Rosenthal-Heginbottom, Renate --</subfield>
         <subfield code="t">Imported amphoras /</subfield>
         <subfield code="r">Finkielsztejn, Gerald --</subfield>
         <subfield code="t">Late Roman and Byzantine pottery /</subfield>
         <subfield code="r">Magness, Jodi --</subfield>
         <subfield code="t">Coins /</subfield>
         <subfield code="r">Ariel, Donald T. --</subfield>
         <subfield code="t">Stone artifacts /</subfield>
         <subfield code="r">Geva, Hillel --</subfield>
         <subfield code="t">Glass vessels /</subfield>
         <subfield code="r">Gorin-Rosen, Yael --</subfield>
         <subfield code="t">Bone artifacts /</subfield>
         <subfield code="r">Geva, Hillel --</subfield>
         <subfield code="t">Metal artifacts /</subfield>
         <subfield code="r">Gutfeld, Oren --</subfield>
         <subfield code="r">Nenner-Soriano, Ravit --</subfield>
         <subfield code="t">Scientific analysis and interpretation of the copper-alloy metalwork /</subfield>
         <subfield code="r">Ponting, Matthew --</subfield>
         <subfield code="t">Hebrew and Aramaic inscriptions /</subfield>
         <subfield code="r">Eshel, Esther --</subfield>
         <subfield code="t">Stamp impressions of the Legio X Fretensis /</subfield>
         <subfield code="r">Geva, Hillel --</subfield>
         <subfield code="t">Miscellaneous finds /</subfield>
         <subfield code="r">Nenner-Soriano, Ravit --</subfield>
         <subfield code="t">Examination of beads /</subfield>
         <subfield code="r">Porat, Naomi --</subfield>
         <subfield code="t">Animal remains /</subfield>
         <subfield code="r">Horwitz, Liora Kolska /</subfield>
         <subfield code="r">Lernau, Omri --</subfield>
         <subfield code="t">Shells /</subfield>
         <subfield code="r">Mienis, Henk K. --</subfield>
         <subfield code="t">Concordance of finds from area E /</subfield>
         <subfield code="r">Nenner-Soriano, Ravit.</subfield>
         <subfield code="g">Part two :</subfield>
         <subfield code="t">Studies on various finds from the Jewish Quarter.</subfield>
         <subfield code="t">Stone scale weights of the late Second Temple period from the Jewish Quarter /</subfield>
         <subfield code="r">Reich, Ronny --</subfield>
         <subfield code="t">Hebrew and Aramaic inscriptions from the Jewish Quarter /</subfield>
         <subfield code="r">Eshel, Esther --</subfield>
         <subfield code="t">Shells from area A /</subfield>
         <subfield code="r">Mienis, Henk K. --</subfield>
         <subfield code="t">Refuse of a glass workshop of the Second Temple period from area J /</subfield>
         <subfield code="r">Israeli, Yael --</subfield>
         <subfield code="t">Katsnelson, Natalya --</subfield>
         <subfield code="t">Silver abundances in pottery from areas A and E /</subfield>
         <subfield code="r">Adan-Bayewitz, David --</subfield>
         <subfield code="r">Asaro, Frank --</subfield>
         <subfield code="r">Giauque, Robert D.</subfield>
      </datafield>
      <datafield tag="505" ind1="8" ind2="0">
         <subfield code="g">v. 4.</subfield>
         <subfield code="t">Burnt house of area B and other studies : final report /</subfield>
         <subfield code="r">Geva, Hillel.</subfield>
         <subfield code="g">Part one :</subfield>
         <subfield code="t">Stratigraphy and architecture of area B.</subfield>
         <subfield code="t">Stratigraphy and architecture /</subfield>
         <subfield code="r">Geva, Hillel --</subfield>
         <subfield code="t">Fragments of clay stoves /</subfield>
         <subfield code="r">Nenner-Soriano, Ravit --</subfield>
         <subfield code="t">Micromorphological study of fragments of clay stoves /</subfield>
         <subfield code="r">Goren, Yuval.</subfield>
         <subfield code="g">Part two :</subfield>
         <subfield code="t">Finds from stratum 4.</subfield>
         <subfield code="t">Iron Age II pottery /</subfield>
         <subfield code="r">Yezerski, Irit.</subfield>
         <subfield code="g">Part three :</subfield>
         <subfield code="t">Finds from the burnt house of stratum 2.</subfield>
         <subfield code="t">Early Roman pottery /</subfield>
         <subfield code="r">Geva, Hillel --</subfield>
         <subfield code="t">Stone artifacts /</subfield>
         <subfield code="r">Geva, Hillel --</subfield>
         <subfield code="t">Basalt grinding stones /</subfield>
         <subfield code="r">Amit, David --</subfield>
         <subfield code="t">Chemical and provenance study of the basalt artifacts /</subfield>
         <subfield code="r">Segal, Irina --</subfield>
         <subfield code="t">Glass vessels /</subfield>
         <subfield code="r">Israeli, Yael --</subfield>
         <subfield code="t">Coins /</subfield>
         <subfield code="r">Ariel, Donald T. --</subfield>
         <subfield code="t">Metal artifacts /</subfield>
         <subfield code="r">Nenner-Soriano, Ravit --</subfield>
         <subfield code="t">Scientific analysis and interpretation of the copper-alloy metalwork /</subfield>
         <subfield code="r">Ponting, Matthew J. --</subfield>
         <subfield code="t">Spindle whorls /</subfield>
         <subfield code="r">Nenner-Soriano, Ravit --</subfield>
         <subfield code="t">Miscellaneous clay objects /</subfield>
         <subfield code="r">Nenner-Soriano, Ravit --</subfield>
         <subfield code="t">Bone artifacts /</subfield>
         <subfield code="r">Nenner-Soriano, Ravit --</subfield>
         <subfield code="t">Analysis of human forearm bones /</subfield>
         <subfield code="r">Arensburg, Baruch --</subfield>
         <subfield code="t">Animal remains /</subfield>
         <subfield code="r">Horwitz, Liora Kolska --</subfield>
         <subfield code="r">Lernau, Omri --</subfield>
         <subfield code="t">Archaeobotanical remains /</subfield>
         <subfield code="r">Liphschitz, Nili --</subfield>
         <subfield code="t">Shells /</subfield>
         <subfield code="r">Mienis, Henk K. --</subfield>
         <subfield code="t">Bar Qatros and the priestly families of Jerusalem /</subfield>
         <subfield code="r">Schwartz, Joshua --</subfield>
         <subfield code="t">Concordance of finds from the burnt house /</subfield>
         <subfield code="r">Nenner-Soriano, Ravit.</subfield>
         <subfield code="g">Part four:</subfield>
         <subfield code="t">Finds from stratum 1.</subfield>
         <subfield code="t">Stamp impressions of the Legio X Fretensis /</subfield>
         <subfield code="r">Nenner-Soriano, Ravit --</subfield>
         <subfield code="t">Early Ottoman pottery /</subfield>
         <subfield code="r">Avissar, Miriam.</subfield>
         <subfield code="g">Part five:</subfield>
         <subfield code="t">Studies on various finds from the Jewish Quarter.</subfield>
         <subfield code="t">Greek inscriptions on stone weights from the Jewish Quarter /</subfield>
         <subfield code="r">Kushnir-Stein, Alla --</subfield>
         <subfield code="t">Greek and Latin inscriptions from the Jewish Quarter /</subfield>
         <subfield code="r">Di Segni, Leah --</subfield>
         <subfield code="t">Inscribed Islamic epitaph from the Jewish Quarter /</subfield>
         <subfield code="r">Sharon, Moshe.</subfield>
      </datafield>
      <datafield tag="505" ind1="8" ind2="0">
         <subfield code="g">v. 5, [pt. 1]</subfield>
         <subfield code="t">Cardo (Area X) and the Nea Church (Areas D and T) : final report /</subfield>
         <subfield code="r">Gutfeld, Oren.</subfield>
         <subfield code="g">Part one :</subfield>
         <subfield code="t">Cardo.</subfield>
         <subfield code="t">Cardo (Area X) : stratigraphy and architecture /</subfield>
         <subfield code="r">Gutfeld, Oren --</subfield>
         <subfield code="t">Architectural decoration of the Cardo /</subfield>
         <subfield code="r">Gärtner, Judit --</subfield>
         <subfield code="t">Restoration of the Cardo /</subfield>
         <subfield code="r">Ritmeyer, Leen --</subfield>
         <subfield code="t">Crusader bazaar /</subfield>
         <subfield code="r">Bahat, Dan.</subfield>
         <subfield code="g">Part two:</subfield>
         <subfield code="t">Nea Church.</subfield>
         <subfield code="t">Nea Church (areas D, T) : stratigraphy and architecture /</subfield>
         <subfield code="r">Gutfeld, Oren --</subfield>
         <subfield code="t">New Church in the literary sources and inscriptions /</subfield>
         <subfield code="r">Gutfeld, Oren --</subfield>
         <subfield code="t">Petrographic analysis of a brick and plaster from the Nea Church /</subfield>
         <subfield code="r">Ben-Shlomo, David --</subfield>
         <subfield code="t">Greek dedicationary inscription from the vaulted structure of the Nea Church /</subfield>
         <subfield code="r">Di Segni, Leah.</subfield>
         <subfield code="g">Part three :</subfield>
         <subfield code="t">Finds from the Cardo and the Nea Church.</subfield>
         <subfield code="t">Iron Age II pottery from area T-1 (Nea Church) /</subfield>
         <subfield code="r">Yezerski, Irit --</subfield>
         <subfield code="t">Early Roman pottery from area T-1 (Nea Church) /</subfield>
         <subfield code="r">Geva, Hillel --</subfield>
         <subfield code="t">Late Roman and Byzantine pottery from the Cardo and the Nea Church /</subfield>
         <subfield code="r">Magness, Jodi --</subfield>
         <subfield code="t">Pottery from the early Islamic to the Ottoman period from the Cardo and the Nea Church /</subfield>
         <subfield code="r">Avissar, Miriam --</subfield>
         <subfield code="t">Coins from the Cardo and the Nea Church /</subfield>
         <subfield code="r">Bijovsky, Gabriela --</subfield>
         <subfield code="r">Berman, Ariel --</subfield>
         <subfield code="t">Stamp impressions of the Legio X Fretensis from the Cardo and the Nea Church /</subfield>
         <subfield code="r">Gutfeld, Oren --</subfield>
         <subfield code="r">Nenner-Soriano, Ravit --</subfield>
         <subfield code="t">Petrographic analysis of stamped roof tiles from the Jewish Quarter /</subfield>
         <subfield code="r">Ben-Shlomo, David --</subfield>
         <subfield code="t">Inscriptions from areas D and T-1 (Nea Church) /</subfield>
         <subfield code="r">Di Segni, Leah --</subfield>
         <subfield code="t">Glass objects from the Cardo and the Nea Church /</subfield>
         <subfield code="r">Brosh, Naama --</subfield>
         <subfield code="t">Metal artifacts from the Cardo and the Nea Church /</subfield>
         <subfield code="r">Nenner-Soriano, Ravit --</subfield>
         <subfield code="t">Composition, Technology and origin of the non-ferrous metalwork from the Cardo and the Nea Church /</subfield>
         <subfield code="r">Ponting, Matthew --</subfield>
         <subfield code="t">Stone artifacts from the Cardo and the Nea Church /</subfield>
         <subfield code="r">Gordon, Ben --</subfield>
         <subfield code="t">Iron Age decorated stone stand from area T-1 (Nea Church) /</subfield>
         <subfield code="r">Geva, Hillel --</subfield>
      </datafield>
      <datafield tag="505" ind1="8" ind2="0">
         <subfield code="t">Miscellanous finds from the Cardo and the Nea Church /</subfield>
         <subfield code="r">Nenner-Soriano, Ravit --</subfield>
         <subfield code="t">Archaeobotanical remains from the Cardo and the Nea Church /</subfield>
         <subfield code="r">Liphschitz, Nili --</subfield>
         <subfield code="t">Faunal remains from the Cardo and the Nea Church /</subfield>
         <subfield code="r">Horwitz, Liora Kolska --</subfield>
         <subfield code="r">Lernau, Omri --</subfield>
         <subfield code="t">Shells from the Cardo and the Nea Church /</subfield>
         <subfield code="r">Mienis, Henk K. --</subfield>
         <subfield code="t">Cardo and the Nea Church : discussion and summary /</subfield>
         <subfield code="r">Gutfeld, Oren.</subfield>
         <subfield code="g">v. 5, [pt. 2]</subfield>
         <subfield code="t">Foldout plans and sections</subfield>
      </datafield>
      <datafield tag="505" ind1="8" ind2="0">
         <subfield code="g">v. 6.</subfield>
         <subfield code="t">Areas J, N, Z and other studies : final report /</subfield>
         <subfield code="r">Geva, Hillel.</subfield>
         <subfield code="g">Part one :</subfield>
         <subfield code="t">Areas J and N.</subfield>
         <subfield code="t">Stratigraphy and architecture of area J /</subfield>
         <subfield code="r">Geva, Hillel --</subfield>
         <subfield code="t">Stratigraphy and architecture of area N /</subfield>
         <subfield code="r">Geva, Hillel --</subfield>
         <subfield code="t">Iron Age IIB pottery from areas J and N /</subfield>
         <subfield code="r">Yezerski, Irit --</subfield>
         <subfield code="t">Local pottery of the Hellenistic and early Roman periods from areas J and N /</subfield>
         <subfield code="r">Geva, Hillel --</subfield>
         <subfield code="r">Hershkovitz, Malka --</subfield>
         <subfield code="t">Lamps, table and kitchen ware from areas J and N /</subfield>
         <subfield code="r">Rosenthal-Heginbottom, Renate --</subfield>
         <subfield code="t">Petrographic analysis of early Roman cooking-ware vessels from areas E and J /</subfield>
         <subfield code="r">Ben-Shlomo, David --</subfield>
         <subfield code="t">Amphoras from area J /</subfield>
         <subfield code="r">Finkielsztejn, Gerald --</subfield>
         <subfield code="t">Late Roman pottery from areas J and N /</subfield>
         <subfield code="r">Magness, Jodi --</subfield>
         <subfield code="t">Mamluk pottery from area J /</subfield>
         <subfield code="r">Avissar, Miriam --</subfield>
         <subfield code="t">Coins from area J /</subfield>
         <subfield code="r">Ariel, Donald T. --</subfield>
         <subfield code="t">Coins from area N /</subfield>
         <subfield code="r">Ariel, Donald T. --</subfield>
         <subfield code="r">Berman, Ariel --</subfield>
         <subfield code="t">Group of flan-mold fragments from area N /</subfield>
         <subfield code="r">Ariel, Donald T. --</subfield>
         <subfield code="t">Stone artifacts from areas J and N /</subfield>
         <subfield code="r">Geva, Hillel --</subfield>
         <subfield code="t">Glass vessels from stratum 3, area J /</subfield>
         <subfield code="r">Israeli, Yael --</subfield>
         <subfield code="t">Mamluk glass bowl from area J /</subfield>
         <subfield code="r">Brosh, Naama --</subfield>
         <subfield code="t">Bone artifacts from areas J and N /</subfield>
         <subfield code="r">Nenner-Soriano, Ravit --</subfield>
         <subfield code="t">Metal artifacts from areas J and N /</subfield>
         <subfield code="r">Nenner-Soriano, Ravit --</subfield>
         <subfield code="t">Stamp impressions of the Legio X Fretensis from areas J and N /</subfield>
         <subfield code="r">Nenner-Soriano, Ravit --</subfield>
         <subfield code="t">Miscellanous finds from areas J and N /</subfield>
         <subfield code="r">Nenner-Soriano, Ravit --</subfield>
         <subfield code="t">Shells from areas J and N /</subfield>
         <subfield code="r">Mienis, Henk K. --</subfield>
         <subfield code="t">Concordance of finds from areas J and N /</subfield>
         <subfield code="r">Nenner-Soriano, Ravit.</subfield>
      </datafield>
      <datafield tag="505" ind1="8" ind2="0">
         <subfield code="g">Part two :</subfield>
         <subfield code="t">Area Z.</subfield>
         <subfield code="t">Stratigraphy and architecture of area Z /</subfield>
         <subfield code="r">Geva, Hillel --</subfield>
         <subfield code="t">Hellenistic pottery from area Z /</subfield>
         <subfield code="r">Geva, Hillel --</subfield>
         <subfield code="t">Coins from area Z /</subfield>
         <subfield code="r">Ariel, Donald T. --</subfield>
         <subfield code="t">Hellenistic stone artifacts from area Z /</subfield>
         <subfield code="r">Geva, Hillel --</subfield>
         <subfield code="t">Shells from area Z /</subfield>
         <subfield code="r">Mienis, Henk K.</subfield>
         <subfield code="g">Part three :</subfield>
         <subfield code="t">General studies.</subfield>
         <subfield code="t">Imported Hellenistic and early Roman pottery : an overview of the finds from the Jewish Quarter excavations /</subfield>
         <subfield code="r">Rosenthal-Heginbottom, Renata --</subfield>
         <subfield code="t">A pool from the period of Aelia Capitolina in the Jewish Quarter of Jerusalem /</subfield>
         <subfield code="r">Sion, Ofer --</subfield>
         <subfield code="r">Rapuano, Yehudah --</subfield>
         <subfield code="t">Pottery from the pool from the period of Aelia Capitolina in the Jewish Quarter of Jerusalem /</subfield>
         <subfield code="r">Rapuano, Yehudah --</subfield>
         <subfield code="t">Coins from the pool /</subfield>
         <subfield code="r">Ariel, Donald T.</subfield>
      </datafield>
      <datafield tag="505" ind1="8" ind2="0">
         <subfield code="g">v. 7.</subfield>
         <subfield code="t">Areas J, N, Z and other studies : final report/</subfield>
         <subfield code="r">Hillel Geva.</subfield>
         <subfield code="g">Part one.</subfield>
         <subfield code="t">Area Q.</subfield>
         <subfield code="t">Stratigraphy and architecture of Area Q /</subfield>
         <subfield code="r">Hillel Geva --</subfield>
         <subfield code="t">A Miqweh with surrounding staircase in Area Q : a dual-purpose installation for ritual purification and recreation /</subfield>
         <subfield code="r">Asher Grossberg --</subfield>
         <subfield code="t">Monumental ionic columns from areas Q and H /</subfield>
         <subfield code="r">Orit Peleg-Barkat and Asaf Ben Haim --</subfield>
         <subfield code="t">A lion in Jerusalem : a roman sculpture of a lion head from the Jewish quarter /</subfield>
         <subfield code="r">Ronit Palistrant Shaick --</subfield>
         <subfield code="t">A plaster-molded cross in a water cistern in Area Q /</subfield>
         <subfield code="r">Lihi Habas --</subfield>
         <subfield code="t">Local pottery of the early Roman period from Area Q /</subfield>
         <subfield code="r">Hillel Geva --</subfield>
         <subfield code="t">The late Roman and Byzantine pottery from Area Q /</subfield>
         <subfield code="r">Jodi Magness --</subfield>
         <subfield code="t">Pottery from early Islamic to Mamluk periods from Area Q /</subfield>
         <subfield code="r">Anna de Vincenz --</subfield>
         <subfield code="t">Two Hebrew inscriptions from Area Q /</subfield>
         <subfield code="r">Esther Eshel.</subfield>
         <subfield code="g">Part two.</subfield>
         <subfield code="t">Area H.</subfield>
         <subfield code="t">Stratigraphy and architecture of Area H /</subfield>
         <subfield code="r">Hillel Geva --</subfield>
         <subfield code="t">Iron Age IIB pottery from Area H /</subfield>
         <subfield code="r">Irit Yezerski --</subfield>
         <subfield code="t">Local pottery of the Hellenistic and early Roman periods from Area H /</subfield>
         <subfield code="r">Hillel Geva --</subfield>
         <subfield code="t">Imported pottery and selected locally mode vessels of the Roman period from Area H /</subfield>
         <subfield code="r">Renate Rosenthal-Heginbottom.</subfield>
         <subfield code="g">Part three.</subfield>
         <subfield code="t">Area O-2.</subfield>
         <subfield code="t">Stratigraphy and architecture of Area O-2 /</subfield>
         <subfield code="r">Hillel Geva --</subfield>
         <subfield code="t">A mosaic of the late Second Temple period from Area O-2 /</subfield>
         <subfield code="r">Rina Talgam --</subfield>
         <subfield code="t">Local pottery of the Hellenistic and early Roman periods from Area O-2 /</subfield>
         <subfield code="r">Hillel Geva.</subfield>
      </datafield>
      <datafield tag="505" ind1="8" ind2="0">
         <subfield code="g">Part four.</subfield>
         <subfield code="t">Finds from areas Q, H, and O-2.</subfield>
         <subfield code="t">Stone artifacts from areas Q, H, and O-2 /</subfield>
         <subfield code="r">Hillel Geva --</subfield>
         <subfield code="t">Hellenistic to Byzantine glass from areas Q and H /</subfield>
         <subfield code="r">Yael Israeli --</subfield>
         <subfield code="t">Glass vessels from the Medieval period from Area Q /</subfield>
         <subfield code="r">Naama Brosh --</subfield>
         <subfield code="t">The coins from Areas Q and H /</subfield>
         <subfield code="r">Donald T. Ariel.</subfield>
         <subfield code="g">Appendix :</subfield>
         <subfield code="t">A possible flan-mold fragment from Area H /</subfield>
         <subfield code="r">Donald T. Ariel --</subfield>
         <subfield code="t">Stamp ipmressions of the Legio X Fretensis from areas Q, H, and O-2 /</subfield>
         <subfield code="r">Ravit Nenner-Soriano --</subfield>
         <subfield code="t">Shells from Areas H and Q /</subfield>
         <subfield code="r">Henk K. Mienis --</subfield>
         <subfield code="t">Miscellaneous finds from areas Q, H, and O-2 /</subfield>
         <subfield code="r">Ravit Nenner-Soriano --</subfield>
         <subfield code="t">An Ottoman weight from Area Q /</subfield>
         <subfield code="r">Nitzan Amitai-Preiss.</subfield>
         <subfield code="g">Part 5.</subfield>
         <subfield code="t">General studies.</subfield>
         <subfield code="t">Petrographic analysis of early Roman non-local storage vessels from the Jewish quarter /</subfield>
         <subfield code="r">David Ben-Shlomo --</subfield>
         <subfield code="t">Selected pottery from the late Second Temple period and Aelia Capitolina from Area F-6 /</subfield>
         <subfield code="r">Renate Rosenthal-Heginbottom --</subfield>
         <subfield code="t">The Mattathias Antigonus hoard from Area T /</subfield>
         <subfield code="r">Donald T. Ariel.</subfield>
      </datafield>
      <datafield tag="583" ind1="1" ind2=" ">
         <subfield code="a">committed to retain</subfield>
         <subfield code="c">20160630</subfield>
         <subfield code="d">20310630</subfield>
         <subfield code="f">EAST</subfield>
         <subfield code="h">Elmer Holmes Bobst Library</subfield>
         <subfield code="z">This title retained by New York University Libraries on behalf of the Eastern Academic Scholars Trust (EAST)</subfield>
         <subfield code="5">NNU</subfield>
      </datafield>
      <datafield tag="651" ind1=" " ind2="0">
         <subfield code="a">Rovaʻ ha-Yehudi (Jerusalem)</subfield>
         <subfield code="x">Antiquities.</subfield>
      </datafield>
      <datafield tag="651" ind1=" " ind2="0">
         <subfield code="a">Jerusalem</subfield>
         <subfield code="x">Antiquities.</subfield>
      </datafield>
      <datafield tag="650" ind1=" " ind2="0">
         <subfield code="a">Excavations (Archaeology)</subfield>
         <subfield code="z">Jerusalem.</subfield>
      </datafield>
      <datafield tag="651" ind1=" " ind2="7">
         <subfield code="a">Ierusalem/Hierosolyma/Col. Aelia Capitolina.</subfield>
         <subfield code="t">pleiades.</subfield>
         <subfield code="0">https://pleiades.stoa.org/places/687928</subfield>
         <subfield code="5">NyNyUAW</subfield>
      </datafield>
      <datafield tag="700" ind1="1" ind2=" ">
         <subfield code="a">Avigad, Nahman.</subfield>
      </datafield>
      <datafield tag="700" ind1="1" ind2=" ">
         <subfield code="a">Geva, Hillel.</subfield>
      </datafield>
      <datafield tag="700" ind1="1" ind2=" ">
         <subfield code="a">Gutfeld, Oren,</subfield>
         <subfield code="d">1968-</subfield>
      </datafield>
      <datafield tag="700" ind1="1" ind2=" ">
         <subfield code="a">Reich, Ronny.</subfield>
      </datafield>
      <datafield tag="700" ind1="1" ind2=" ">
         <subfield code="a">Barkay, Gabriel.</subfield>
      </datafield>
      <datafield tag="700" ind1="1" ind2=" ">
         <subfield code="a">Amitai-Preiss, Nitzan.</subfield>
      </datafield>
      <datafield tag="700" ind1="1" ind2=" ">
         <subfield code="a">Ariel, Donald T.</subfield>
      </datafield>
      <datafield tag="700" ind1="1" ind2=" ">
         <subfield code="a">Avissar, M.</subfield>
      </datafield>
      <datafield tag="700" ind1="1" ind2=" ">
         <subfield code="a">Ben Haim, Asaf.</subfield>
      </datafield>
      <datafield tag="700" ind1="1" ind2=" ">
         <subfield code="a">Vincenz, Anna de,</subfield>
         <subfield code="d">1961-</subfield>
      </datafield>
      <datafield tag="700" ind1="1" ind2=" ">
         <subfield code="a">Cahill, Jane M.</subfield>
      </datafield>
      <datafield tag="700" ind1="1" ind2=" ">
         <subfield code="a">De-Groot, Alon.</subfield>
      </datafield>
      <datafield tag="700" ind1="1" ind2=" ">
         <subfield code="a">Eshel, Esther.</subfield>
      </datafield>
      <datafield tag="700" ind1="1" ind2=" ">
         <subfield code="a">Gitler, Haim.</subfield>
      </datafield>
      <datafield tag="700" ind1="1" ind2=" ">
         <subfield code="a">Gorin-Rosen, Yael.</subfield>
      </datafield>
      <datafield tag="700" ind1="1" ind2=" ">
         <subfield code="a">Grossberg, Asher.</subfield>
      </datafield>
      <datafield tag="700" ind1="1" ind2=" ">
         <subfield code="a">Habas, Lihi,</subfield>
         <subfield code="d">1954-</subfield>
      </datafield>
      <datafield tag="700" ind1="1" ind2=" ">
         <subfield code="a">Hershkovitz, Malka.</subfield>
      </datafield>
      <datafield tag="700" ind1="1" ind2=" ">
         <subfield code="a">Horwitz, Liora Kolska.</subfield>
      </datafield>
      <datafield tag="700" ind1="1" ind2=" ">
         <subfield code="a">Lernau, Omri.</subfield>
      </datafield>
      <datafield tag="700" ind1="1" ind2=" ">
         <subfield code="a">Liphschitz, Nili.</subfield>
      </datafield>
      <datafield tag="700" ind1="1" ind2=" ">
         <subfield code="a">Magness, Jodi.</subfield>
      </datafield>
      <datafield tag="700" ind1="1" ind2=" ">
         <subfield code="a">Peleg-Barkat, Orit,</subfield>
         <subfield code="d">1974-</subfield>
      </datafield>
      <datafield tag="700" ind1="1" ind2=" ">
         <subfield code="a">Rozenberg, Silvia.</subfield>
      </datafield>
      <datafield tag="700" ind1="1" ind2=" ">
         <subfield code="a">Rosenthal-Heginbottom, Renate.</subfield>
      </datafield>
      <datafield tag="700" ind1="1" ind2=" ">
         <subfield code="a">Palistrant Shaick, Ronit.</subfield>
      </datafield>
      <datafield tag="700" ind1="1" ind2=" ">
         <subfield code="a">Talgam, Rina.</subfield>
      </datafield>
      <datafield tag="700" ind1="1" ind2=" ">
         <subfield code="a">Yellin, Joseph.</subfield>
      </datafield>
      <datafield tag="700" ind1="1" ind2=" ">
         <subfield code="a">Yezerski, Irit.</subfield>
      </datafield>
      <datafield tag="700" ind1="1" ind2=" ">
         <subfield code="a">Zitronblat, Avital.</subfield>
      </datafield>
      <datafield tag="700" ind1="1" ind2=" ">
         <subfield code="a">Adan-Bayewitz, David.</subfield>
      </datafield>
      <datafield tag="700" ind1="1" ind2=" ">
         <subfield code="a">Asaro, Frank.</subfield>
      </datafield>
      <datafield tag="700" ind1="1" ind2=" ">
         <subfield code="a">Finkielsztejn, Gérald.</subfield>
      </datafield>
      <datafield tag="700" ind1="1" ind2=" ">
         <subfield code="a">Giauque, R. D.</subfield>
      </datafield>
      <datafield tag="700" ind1="1" ind2=" ">
         <subfield code="a">Israeli, Yael.</subfield>
      </datafield>
      <datafield tag="700" ind1="1" ind2=" ">
         <subfield code="a">Katsnelson, Natalya,</subfield>
         <subfield code="d">1952-</subfield>
      </datafield>
      <datafield tag="700" ind1="1" ind2=" ">
         <subfield code="a">Mienis, Henk K.,</subfield>
         <subfield code="d">1941-</subfield>
      </datafield>
      <datafield tag="700" ind1="1" ind2=" ">
         <subfield code="a">Nenner-Soriano, Ravit.</subfield>
      </datafield>
      <datafield tag="700" ind1="1" ind2=" ">
         <subfield code="a">Porat, Naomi.</subfield>
      </datafield>
      <datafield tag="700" ind1="1" ind2=" ">
         <subfield code="a">ʻAmit, Daṿid.</subfield>
      </datafield>
      <datafield tag="700" ind1="1" ind2=" ">
         <subfield code="a">Arensburg, Baruch.</subfield>
      </datafield>
      <datafield tag="700" ind1="1" ind2=" ">
         <subfield code="a">Di Segni, L.</subfield>
         <subfield code="q">(Leah)</subfield>
      </datafield>
      <datafield tag="700" ind1="1" ind2=" ">
         <subfield code="a">Goren, Yuval.</subfield>
      </datafield>
      <datafield tag="700" ind1="1" ind2=" ">
         <subfield code="a">Stein, Alla.</subfield>
      </datafield>
      <datafield tag="700" ind1="1" ind2=" ">
         <subfield code="a">Ponting, Matthew.</subfield>
      </datafield>
      <datafield tag="700" ind1="1" ind2=" ">
         <subfield code="a">Schwartz, Joshua.</subfield>
      </datafield>
      <datafield tag="700" ind1="1" ind2=" ">
         <subfield code="a">Segal, Irina.</subfield>
      </datafield>
      <datafield tag="700" ind1="1" ind2=" ">
         <subfield code="a">Sharon, Moshe,</subfield>
         <subfield code="d">1937-</subfield>
      </datafield>
      <datafield tag="700" ind1="1" ind2=" ">
         <subfield code="a">Bahat, Dan.</subfield>
      </datafield>
      <datafield tag="700" ind1="1" ind2=" ">
         <subfield code="a">Ben-Shlomo, David.</subfield>
      </datafield>
      <datafield tag="700" ind1="1" ind2=" ">
         <subfield code="a">Berman, Ariel.</subfield>
      </datafield>
      <datafield tag="700" ind1="1" ind2=" ">
         <subfield code="a">Bijovsky, Gabriela.</subfield>
      </datafield>
      <datafield tag="700" ind1="1" ind2=" ">
         <subfield code="a">Brosh, Na'ama.</subfield>
      </datafield>
      <datafield tag="700" ind1="1" ind2=" ">
         <subfield code="a">Gartner, Judit.</subfield>
      </datafield>
      <datafield tag="700" ind1="1" ind2=" ">
         <subfield code="a">Gordon, Benjamin D.</subfield>
      </datafield>
      <datafield tag="700" ind1="1" ind2=" ">
         <subfield code="a">Ritmeyer, Leen,</subfield>
         <subfield code="d">1945-</subfield>
      </datafield>
      <datafield tag="700" ind1="1" ind2=" ">
         <subfield code="a">Sion, Ofer.</subfield>
      </datafield>
      <datafield tag="700" ind1="1" ind2=" ">
         <subfield code="a">Rapuano, Yehudah.</subfield>
      </datafield>
      <datafield tag="710" ind1="2" ind2=" ">
         <subfield code="a">Shelby White and Leon Levy Program for Archaeological Publications (Firm)</subfield>
      </datafield>
      <datafield tag="710" ind1="2" ind2=" ">
         <subfield code="a">Ḥevrah la-ḥaḳirat Erets-Yiśraʼel ṿe-ʻatiḳoteha.</subfield>
      </datafield>
      <datafield tag="OWN" ind1=" " ind2=" ">
         <subfield code="a">GENERAL</subfield>
      </datafield>
      <datafield tag="AVA" ind1=" " ind2=" ">
         <subfield code="a">NYU50</subfield>
         <subfield code="b">BOBST</subfield>
         <subfield code="c">Main Collection</subfield>
         <subfield code="d">DS109.8.J45 J49 2000 Oversize</subfield>
         <subfield code="e">available</subfield>
         <subfield code="t">Available</subfield>
         <subfield code="f">4</subfield>
         <subfield code="g">0</subfield>
         <subfield code="h">Y</subfield>
         <subfield code="i">4</subfield>
         <subfield code="j">MAIN</subfield>
         <subfield code="k">0</subfield>
      </datafield>
      <datafield tag="AVA" ind1=" " ind2=" ">
         <subfield code="a">NYU50</subfield>
         <subfield code="b">NISAW</subfield>
         <subfield code="c">Large Collection</subfield>
         <subfield code="d">DS109.8.J45 J49 2000 Non-circulating</subfield>
         <subfield code="e">available</subfield>
         <subfield code="t">Available</subfield>
         <subfield code="f">8</subfield>
         <subfield code="g">0</subfield>
         <subfield code="h">Y</subfield>
         <subfield code="i">0</subfield>
         <subfield code="j">LARGE</subfield>
         <subfield code="k">0</subfield>
      </datafield>
      <marc:datafield tag="852" ind1=" " ind2=" ">
         <marc:subfield code="b">Institute for the Study of the Ancient World, </marc:subfield>
         <marc:subfield code="c">Large Collection</marc:subfield>
         <marc:subfield code="e">15 East 84th St., </marc:subfield>
         <marc:subfield code="e">New York, NY  10028</marc:subfield>
      </marc:datafield>
   </record>