
   <record
      xsi:schemaLocation="http://www.loc.gov/MARC21/slim http://www.loc.gov/standards/marcxml/schema/MARC21slim.xsd">
      <leader>00000cam a22     I  4500</leader>
      <controlfield tag="FMT">BK</controlfield>
      <controlfield tag="LDR">00000cam a22     I  4500</controlfield>
      <controlfield tag="001">006047903</controlfield>
      <controlfield tag="005">20180530092713.0</controlfield>
      <controlfield tag="008">180319s1958    nyuf     b    000 0 eng</controlfield>
      <datafield tag="010" ind1=" " ind2=" ">
         <subfield code="a">   58014826</subfield>
      </datafield>
      <datafield tag="035" ind1=" " ind2=" ">
         <subfield code="a">(OCoLC)1652111</subfield>
         <subfield code="z">(OCoLC)13235313</subfield>
         <subfield code="z">(OCoLC)610538610</subfield>
         <subfield code="z">(OCoLC)878618142</subfield>
         <subfield code="z">(OCoLC)949525019</subfield>
         <subfield code="z">(OCoLC)962531129</subfield>
         <subfield code="z">(OCoLC)976541913</subfield>
      </datafield>
      <datafield tag="040" ind1=" " ind2=" ">
         <subfield code="a">DLC</subfield>
         <subfield code="b">eng</subfield>
         <subfield code="c">DZM</subfield>
         <subfield code="d">OCL</subfield>
         <subfield code="d">OCLCQ</subfield>
         <subfield code="d">OCLCG</subfield>
         <subfield code="d">STF</subfield>
         <subfield code="d">EYM</subfield>
         <subfield code="d">MNU</subfield>
         <subfield code="d">MTG</subfield>
         <subfield code="d">ZWZ</subfield>
         <subfield code="d">OCLCA</subfield>
         <subfield code="d">OCLCF</subfield>
         <subfield code="d">OCLCQ</subfield>
         <subfield code="d">OCLCO</subfield>
         <subfield code="d">WAU</subfield>
         <subfield code="d">OCLCA</subfield>
         <subfield code="d">CNUTO</subfield>
         <subfield code="d">ALMSI</subfield>
         <subfield code="d">ZYU</subfield>
      </datafield>
      <datafield tag="050" ind1=" " ind2="4">
         <subfield code="a">CJ35</subfield>
         <subfield code="b">.A5 1958</subfield>
      </datafield>
      <datafield tag="050" ind1="0" ind2="0">
         <subfield code="a">CJ35</subfield>
         <subfield code="b">.A5</subfield>
      </datafield>
      <datafield tag="082" ind1=" " ind2=" ">
         <subfield code="a">737.4082</subfield>
      </datafield>
      <datafield tag="110" ind1="2" ind2=" ">
         <subfield code="a">American Numismatic Society (1907- )</subfield>
      </datafield>
      <datafield tag="245" ind1="1" ind2="0">
         <subfield code="a">Centennial publication of the American Numismatic Society /</subfield>
         <subfield code="c">edited by Harald Ingholt.</subfield>
      </datafield>
      <datafield tag="260" ind1=" " ind2=" ">
         <subfield code="a">New York :</subfield>
         <subfield code="b">The American Numismatic Society,</subfield>
         <subfield code="c">1958.</subfield>
      </datafield>
      <datafield tag="300" ind1=" " ind2=" ">
         <subfield code="a">xii, 712 pages :</subfield>
         <subfield code="b">50 plates ;</subfield>
         <subfield code="c">29 cm</subfield>
      </datafield>
      <datafield tag="336" ind1=" " ind2=" ">
         <subfield code="a">text</subfield>
         <subfield code="b">txt</subfield>
         <subfield code="2">rdacontent</subfield>
      </datafield>
      <datafield tag="337" ind1=" " ind2=" ">
         <subfield code="a">unmediated</subfield>
         <subfield code="b">n</subfield>
         <subfield code="2">rdamedia</subfield>
      </datafield>
      <datafield tag="338" ind1=" " ind2=" ">
         <subfield code="a">volume</subfield>
         <subfield code="b">nc</subfield>
         <subfield code="2">rdacarrier</subfield>
      </datafield>
      <datafield tag="500" ind1=" " ind2=" ">
         <subfield code="a">Errata slip inserted.</subfield>
      </datafield>
      <datafield tag="504" ind1=" " ind2=" ">
         <subfield code="a">Includes bibliographical references.</subfield>
      </datafield>
      <datafield tag="500" ind1=" " ind2=" ">
         <subfield code="a">ISAW copy is from the library of F. Gordon Frost.</subfield>
         <subfield code="5">NyNyUAW</subfield>
      </datafield>
      <datafield tag="505" ind1="0" ind2="0">
         <subfield code="t">Silver Currency and Values in the Early Byzantine Empire /</subfield>
         <subfield code="r">Howard L. Adelson --</subfield>
         <subfield code="t">The Portrait of Caesar on the Denarii of 44 B.C. and the Sequence of the Issues /</subfield>
         <subfield code="r">Andrew Alföldi --</subfield>
         <subfield code="t">A Knotty Problem Connected with the Coinage of Azes /</subfield>
         <subfield code="r">A. S. Altekar --</subfield>
         <subfield code="t">Le Roi Pyrrhos /</subfield>
         <subfield code="r">Jean Babelon --</subfield>
         <subfield code="t">A Hoard of Silver Coins of the Empire of Nicaea /</subfield>
         <subfield code="r">Alfred R. Bellinger --</subfield>
         <subfield code="t">Introduccion del "Mancuso" en la Economia Carolingia /</subfield>
         <subfield code="r">Pio Beltran --</subfield>
         <subfield code="t">Der Münzenfund von Werl (Westfalen) 1955, vergraben um 1240 /</subfield>
         <subfield code="r">Peter Berghaus --</subfield>
         <subfield code="t">XVII-XIX Century Manuscript Material on Anglo-Saxon Coins /</subfield>
         <subfield code="r">C. E. Blunt --</subfield>
         <subfield code="t">Brasher &amp; Bailey : Pioneer New York Coiners, 1787-1792 /</subfield>
         <subfield code="r">Walter H. Breen --</subfield>
         <subfield code="t">Questioni ponderali /</subfield>
         <subfield code="r">Laura Breglia --</subfield>
         <subfield code="t">Chemical Composition of Alexandrian Tetradrachms /</subfield>
         <subfield code="r">Earle R. Caley --</subfield>
         <subfield code="t">The Coinage and Chronology of A.D. 238 /</subfield>
         <subfield code="r">R.A.G. Carson --</subfield>
         <subfield code="t">La Nike funebre delle monete di Elis /</subfield>
         <subfield code="r">Ettore Gabrici --</subfield>
         <subfield code="t">Notes on the Danish Mint-Masters in the Middle Ages before 1377 /</subfield>
         <subfield code="r">Georg Galster --</subfield>
         <subfield code="t">Von der Numismatik zur Geldgeschichte /</subfield>
         <subfield code="r">Hans Gebhart --</subfield>
         <subfield code="t">Les plus anciens tarifs monétaires illustrés des Pays-Bas /</subfield>
         <subfield code="r">H. Enno van Gelder --</subfield>
         <subfield code="t">The Alexandrine Tetradrachms of Cabyle in Thrace /</subfield>
         <subfield code="r">Th. Gerassimov --</subfield>
         <subfield code="t">Trois monnaies parthes inédites /</subfield>
         <subfield code="r">R. Ghirshman --</subfield>
         <subfield code="t">Asses of Orichalcum /</subfield>
         <subfield code="r">Michael Grant --</subfield>
         <subfield code="t">Some Modern Forgeries of Carolingian Coins /</subfield>
         <subfield code="r">Philip Grierson --</subfield>
         <subfield code="t">Eine Medaille des Andrea Doria von Christoph Weiditz /</subfield>
         <subfield code="r">P. Grotemeyer --</subfield>
         <subfield code="t">Richard Wagner in Medallic Art /</subfield>
         <subfield code="r">Henry Grunthal --</subfield>
         <subfield code="t">"Cooperation" : Some Thoughts and Suggestions for the Intensification of Numismatic Research /</subfield>
         <subfield code="r">Walter Hävernick --</subfield>
         <subfield code="t">Rechnung und Zahlung /</subfield>
         <subfield code="r">Eduard Holzmair --</subfield>
         <subfield code="t">A Note on Corinthian Coins in the West /</subfield>
         <subfield code="r">G. K. Jenkins --</subfield>
         <subfield code="t">Der ostfriesische Münzmeister Dietrich Iden /</subfield>
         <subfield code="r">Karl Kennepohl --</subfield>
      </datafield>
      <datafield tag="505" ind1="8" ind2="0">
         <subfield code="t">A Propos des representations de boucliers sur les monnaies grecques /</subfield>
         <subfield code="r">Léon Lacroix --</subfield>
         <subfield code="t">Trésor de monnaies carolingiennes découvert dans le Jura /</subfield>
         <subfield code="r">Jean Lafaurie --</subfield>
         <subfield code="t">L'Emblème du lis dans la numismatique byzantine : son origine /</subfield>
         <subfield code="r">V. Laurent --</subfield>
         <subfield code="t">Ein Vierteljahrhundert Wiener Münzkabinett /</subfield>
         <subfield code="r">August Loehr --</subfield>
         <subfield code="t">A Coinage of the Revolt of Fregellae? /</subfield>
         <subfield code="r">Harold Mattingly --</subfield>
         <subfield code="t">Le Grand Sceau de France (depuis 1789) /</subfield>
         <subfield code="r">Jean Mazard --</subfield>
         <subfield code="t">The Early Islamic Bronze Coinage of Egypt /</subfield>
         <subfield code="r">George C. Miles --</subfield>
         <subfield code="t">La technique des revers partiellement incus de monnaies phéniciennes /</subfield>
         <subfield code="r">Paul Naster --</subfield>
         <subfield code="t">A Hoard of the first Silver Coins of Nuevo Reino de Granada (Colombia) /</subfield>
         <subfield code="r">R. I. Nesmith --</subfield>
         <subfield code="t">A Recently Discovered Coin Solves a Vermont Numismatic Enigma /</subfield>
         <subfield code="r">Eric P. Newman --</subfield>
         <subfield code="t">A Lycian Hoard /</subfield>
         <subfield code="r">Sydney P. Noe --</subfield>
         <subfield code="t">Die Medaillonprägung unter Carus und seinen Söhnen /</subfield>
         <subfield code="r">Karl Pink --</subfield>
         <subfield code="t">Store-Cards or Token of Mexico /</subfield>
         <subfield code="r">A. F. Pradeau --</subfield>
         <subfield code="t">Sur des types de monnaies impériales d'Asie Mineure /</subfield>
         <subfield code="r">Louis Robert --</subfield>
         <subfield code="t">Some Electrum and Gold Greek Coins /</subfield>
         <subfield code="r">E. S. G. Robinson --</subfield>
         <subfield code="t">The Ring of Polycrates /</subfield>
         <subfield code="r">Charles Seltman --</subfield>
         <subfield code="t">Parion au 3e siècle avant notre ère /</subfield>
         <subfield code="r">Henri Seyrig --</subfield>
         <subfield code="t">Diocletian's Reformed Coinage in Britain and Related Problems /</subfield>
         <subfield code="r">C. H. V. Sutherland --</subfield>
         <subfield code="t">The Grain-Ear Drachms of Athens /</subfield>
         <subfield code="r">Margaret Thompson --</subfield>
         <subfield code="t">A Numismatic Study of a King without a Coinage /</subfield>
         <subfield code="r">Bengt Thordeman --</subfield>
         <subfield code="t">L'Atelier monetaire d'Anvers des temps mérovingiens au XIIe siecle /</subfield>
         <subfield code="r">Victor Tourneur --</subfield>
         <subfield code="t">A Unique Medal of the Seljuk Ṭughrilbeg /</subfield>
         <subfield code="r">John Walker --</subfield>
         <subfield code="t">Coins and Indian History /</subfield>
         <subfield code="r">R. B. Whitehead.</subfield>
      </datafield>
      <datafield tag="650" ind1=" " ind2="0">
         <subfield code="a">Numismatics.</subfield>
      </datafield>
      <datafield tag="650" ind1=" " ind2="7">
         <subfield code="a">Numismatics.</subfield>
         <subfield code="2">fast</subfield>
         <subfield code="0">(OCoLC)fst01041327</subfield>
      </datafield>
      <datafield tag="650" ind1=" " ind2="4">
         <subfield code="a">Numismatics.</subfield>
      </datafield>
      <datafield tag="700" ind1="1" ind2=" ">
         <subfield code="a">Ingholt, Harald,</subfield>
         <subfield code="d">1896-1985,</subfield>
         <subfield code="e">editor.</subfield>
      </datafield>
      <datafield tag="700" ind1="1" ind2=" ">
         <subfield code="a">Frost, Gordon,</subfield>
         <subfield code="d">1935-2011,</subfield>
         <subfield code="e">former owner.</subfield>
         <subfield code="5">NyNyUAW</subfield>
      </datafield>
      <datafield tag="740" ind1="0" ind2=" ">
         <subfield code="a">a Frost Numismatic Library.</subfield>
         <subfield code="5">NyNyUAW</subfield>
      </datafield>
      <datafield tag="776" ind1="0" ind2="8">
         <subfield code="i">Online version:</subfield>
         <subfield code="a">American Numismatic Society (1907- )</subfield>
         <subfield code="t">Centennial publication.</subfield>
         <subfield code="d">New York, 1958</subfield>
         <subfield code="w">(OCoLC)1020701383</subfield>
      </datafield>
      <datafield tag="OWN" ind1=" " ind2=" ">
         <subfield code="a">GENERAL</subfield>
      </datafield>
      <datafield tag="AVA" ind1=" " ind2=" ">
         <subfield code="a">NYU50</subfield>
         <subfield code="b">NISAW</subfield>
         <subfield code="c">Large Collection</subfield>
         <subfield code="d">CJ35 .A5 1958 Non-circulating</subfield>
         <subfield code="e">available</subfield>
         <subfield code="t">Available</subfield>
         <subfield code="f">1</subfield>
         <subfield code="g">0</subfield>
         <subfield code="h">N</subfield>
         <subfield code="i">0</subfield>
         <subfield code="j">LARGE</subfield>
         <subfield code="k">0</subfield>
      </datafield>
      <marc:datafield tag="852" ind1=" " ind2=" ">
         <marc:subfield code="b">Institute for the Study of the Ancient World, </marc:subfield>
         <marc:subfield code="c">Large Collection</marc:subfield>
         <marc:subfield code="e">15 East 84th St., </marc:subfield>
         <marc:subfield code="e">New York, NY  10028</marc:subfield>
      </marc:datafield>
   </record>