
   <record
      xsi:schemaLocation="http://www.loc.gov/MARC21/slim http://www.loc.gov/standards/marcxml/schema/MARC21slim.xsd">
      <leader>00000cam a2200577 i 4500</leader>
      <controlfield tag="FMT">BK</controlfield>
      <controlfield tag="LDR">00000cam a2200577 i 4500</controlfield>
      <controlfield tag="001">000547671</controlfield>
      <controlfield tag="003">OCoLC</controlfield>
      <controlfield tag="005">20180319163246.0</controlfield>
      <controlfield tag="008">801222m19719999gw a     b    000 0 ger</controlfield>
      <datafield tag="010" ind1=" " ind2=" ">
         <subfield code="a">80153965</subfield>
      </datafield>
      <datafield tag="020" ind1=" " ind2=" ">
         <subfield code="a">3805303890</subfield>
         <subfield code="q">(bd. 9)</subfield>
      </datafield>
      <datafield tag="020" ind1=" " ind2=" ">
         <subfield code="a">9783805303897</subfield>
         <subfield code="q">(bd. 9)</subfield>
      </datafield>
      <datafield tag="020" ind1=" " ind2=" ">
         <subfield code="a">9783895004865</subfield>
         <subfield code="q">(bd. 16)</subfield>
      </datafield>
      <datafield tag="020" ind1=" " ind2=" ">
         <subfield code="a">3895004863</subfield>
         <subfield code="q">(bd. 16)</subfield>
      </datafield>
      <datafield tag="020" ind1=" " ind2=" ">
         <subfield code="a">9783954900916</subfield>
         <subfield code="q">(bd. 17 t. 1)</subfield>
      </datafield>
      <datafield tag="020" ind1=" " ind2=" ">
         <subfield code="a">3954900912</subfield>
         <subfield code="q">(bd. 17 t. 1)</subfield>
      </datafield>
      <datafield tag="020" ind1=" " ind2=" ">
         <subfield code="a">9783895008498</subfield>
         <subfield code="q">(bd. 17 t. 2)</subfield>
      </datafield>
      <datafield tag="020" ind1=" " ind2=" ">
         <subfield code="a">3895008494</subfield>
         <subfield code="q">(bd. 17 t. 2)</subfield>
      </datafield>
      <datafield tag="020" ind1=" " ind2=" ">
         <subfield code="a">9783895008504</subfield>
         <subfield code="q">(bd. 17 t. 3)</subfield>
      </datafield>
      <datafield tag="020" ind1=" " ind2=" ">
         <subfield code="a">3895008508</subfield>
         <subfield code="q">(bd. 17 t. 3)</subfield>
      </datafield>
      <datafield tag="020" ind1=" " ind2=" ">
         <subfield code="a">9783954900473</subfield>
         <subfield code="q">(Bd. 18)</subfield>
      </datafield>
      <datafield tag="020" ind1=" " ind2=" ">
         <subfield code="a">3954900475</subfield>
         <subfield code="q">(Bd. 18)</subfield>
      </datafield>
      <datafield tag="035" ind1=" " ind2=" ">
         <subfield code="a">(OCoLC)25370265</subfield>
         <subfield code="z">(OCoLC)27137165</subfield>
      </datafield>
      <datafield tag="040" ind1=" " ind2=" ">
         <subfield code="a">DLC</subfield>
         <subfield code="b">eng</subfield>
         <subfield code="c">DLC</subfield>
         <subfield code="d">MUQ</subfield>
         <subfield code="d">OCLCQ</subfield>
         <subfield code="d">UMC</subfield>
         <subfield code="d">IXA</subfield>
         <subfield code="d">OCLCF</subfield>
         <subfield code="d">IXA</subfield>
         <subfield code="d">OCL</subfield>
         <subfield code="d">OCLCQ</subfield>
         <subfield code="d">WAU</subfield>
         <subfield code="d">ZYU</subfield>
      </datafield>
      <datafield tag="043" ind1=" " ind2=" ">
         <subfield code="a">e-gr---</subfield>
      </datafield>
      <datafield tag="050" ind1="0" ind2="0">
         <subfield code="a">DF221.T5</subfield>
         <subfield code="b">T57 1980</subfield>
      </datafield>
      <datafield tag="079" ind1=" " ind2=" ">
         <subfield code="a">(OCoLC)222225265</subfield>
      </datafield>
      <datafield tag="082" ind1="0" ind2="0">
         <subfield code="a">938/.8</subfield>
      </datafield>
      <datafield tag="090" ind1=" " ind2=" ">
         <subfield code="a">DF221.T5</subfield>
         <subfield code="b">D48 1971</subfield>
      </datafield>
      <datafield tag="245" ind1="0" ind2="0">
         <subfield code="a">Tiryns :</subfield>
         <subfield code="b">Forschungen und Berichte /</subfield>
         <subfield code="c">herausgegeben von Ulf Jantzen.</subfield>
      </datafield>
      <datafield tag="246" ind1="3" ind2="3">
         <subfield code="a">Tiryns :</subfield>
         <subfield code="b">die Ergebnisse der Ausgrabungen des Instituts</subfield>
      </datafield>
      <datafield tag="260" ind1=" " ind2=" ">
         <subfield code="a">Mainz :</subfield>
         <subfield code="b">P. von Zabern,</subfield>
         <subfield code="c">©1971-</subfield>
      </datafield>
      <datafield tag="300" ind1=" " ind2=" ">
         <subfield code="a">volumes :</subfield>
         <subfield code="b">illustrations ;</subfield>
         <subfield code="c">32 cm +</subfield>
         <subfield code="e">1 CD-ROM (4 3/4 in.)</subfield>
      </datafield>
      <datafield tag="336" ind1=" " ind2=" ">
         <subfield code="a">text</subfield>
         <subfield code="b">txt</subfield>
         <subfield code="2">rdacontent</subfield>
      </datafield>
      <datafield tag="337" ind1=" " ind2=" ">
         <subfield code="a">unmediated</subfield>
         <subfield code="b">n</subfield>
         <subfield code="2">rdamedia</subfield>
      </datafield>
      <datafield tag="338" ind1=" " ind2=" ">
         <subfield code="a">volume</subfield>
         <subfield code="b">nc</subfield>
         <subfield code="2">rdacarrier</subfield>
      </datafield>
      <datafield tag="500" ind1=" " ind2=" ">
         <subfield code="a">ISAW copy (Bd. 10-15) is from the library of Paul Åström.</subfield>
         <subfield code="5">NyNyUAW</subfield>
      </datafield>
      <datafield tag="500" ind1=" " ind2=" ">
         <subfield code="a">ISAW copy (Bd. 16) is from the library of Lawrence E. Stager.</subfield>
         <subfield code="5">NyNyUAW</subfield>
      </datafield>
      <datafield tag="500" ind1=" " ind2=" ">
         <subfield code="a">Bd. 14- published: Wiesbaden : Reichert Verlag.</subfield>
      </datafield>
      <datafield tag="500" ind1=" " ind2=" ">
         <subfield code="a">Bd. 1-4 have subtitle: Die Ergebnisse der Ausgrabungen des Instituts.</subfield>
      </datafield>
      <datafield tag="500" ind1=" " ind2=" ">
         <subfield code="a">At head of title: Deutsches Archaeologisches Institut Athen.</subfield>
      </datafield>
      <datafield tag="504" ind1=" " ind2=" ">
         <subfield code="a">Includes bibliographical references.</subfield>
      </datafield>
      <datafield tag="546" ind1=" " ind2=" ">
         <subfield code="a">Primarily in German, with some English or French.</subfield>
      </datafield>
      <datafield tag="500" ind1=" " ind2=" ">
         <subfield code="a">Imprint varies.</subfield>
      </datafield>
      <datafield tag="500" ind1=" " ind2=" ">
         <subfield code="a">Bd. 11: 8 folded plans in cover pocket.</subfield>
      </datafield>
      <datafield tag="500" ind1=" " ind2=" ">
         <subfield code="a">Bd. 16: CD-ROM in pocket.</subfield>
      </datafield>
      <datafield tag="500" ind1=" " ind2=" ">
         <subfield code="a">Editors vary.</subfield>
      </datafield>
      <datafield tag="505" ind1="1" ind2="0">
         <subfield code="g">Bd. 1. I.</subfield>
         <subfield code="t">Die Hera von Tiryns /</subfield>
         <subfield code="r">von August Frickenhaus.</subfield>
         <subfield code="g">II.</subfield>
         <subfield code="t">Die 'geometrische' Nekropole /</subfield>
         <subfield code="r">von Walter Müller und Franz Oelmann --</subfield>
         <subfield code="g">Bd. 2.</subfield>
         <subfield code="t">Die Fresken des Palastes /</subfield>
         <subfield code="r">von Gerhart Rodenwaldt --</subfield>
         <subfield code="g">Bd. 3.</subfield>
         <subfield code="t">Die Architektur der Burg und des Palastes /</subfield>
         <subfield code="r">von Kurt Müller --</subfield>
         <subfield code="g">Bd. 4.</subfield>
         <subfield code="t">Die Urfirniskeramik /</subfield>
         <subfield code="r">von Kurt Müller --</subfield>
         <subfield code="g">Bd. 5.</subfield>
         <subfield code="t">Grabungen in der Unterstadt von Tiryns von 1889 bis 1929 /</subfield>
         <subfield code="r">Peter Bercke, Gerhard Hiesel.</subfield>
         <subfield code="t">Prehistoric pottery from the area of the Agricultural Prison at Tiryns /</subfield>
         <subfield code="r">David and Elizabeth French.</subfield>
         <subfield code="t">Tiryns : Unterburg, Grabungen 1965 /</subfield>
         <subfield code="r">Peter Grossmann, Jörg Schäfer.</subfield>
         <subfield code="t">Frühhelladische Wiedlungsschichten auf der Unterburg von Tiryns /</subfield>
         <subfield code="r">Heinrich B. Siedentopf.</subfield>
         <subfield code="t">Tiryns 1968 : Mykenische und nachmykenische Streufunde von der Unterburg /</subfield>
         <subfield code="r">Wolf Rudolph --</subfield>
         <subfield code="g">Bd. 6.</subfield>
         <subfield code="t">Frühhelladische Keramik auf der Unterburg von Tiryns /</subfield>
         <subfield code="r">Heinrich B. Siedentopf.</subfield>
         <subfield code="t">Die Nekropole am Prophitis Elias bei Tiryns /</subfield>
         <subfield code="r">Wolf Rudolph.</subfield>
         <subfield code="t">Iria : die Ergebnisse der Ausgrabungen 1939 /</subfield>
         <subfield code="r">Hartmut Döhl.</subfield>
         <subfield code="t">Die prähistorische Besiedlung von Synoro /</subfield>
         <subfield code="r">Hartmut Döhl.</subfield>
         <subfield code="t">Bronzezeitliche Pflanzenreste aus Iria und Synoro /</subfield>
         <subfield code="r">Ulrich Willerding.</subfield>
         <subfield code="t">Zur Chronologie der spätmykenischen Burgen bei Tiryns /</subfield>
         <subfield code="r">Walter Voigtländer --</subfield>
         <subfield code="g">Bd. 7.</subfield>
         <subfield code="t">Figürlich Bemalte mykenische Keramik aus Tiryns /</subfield>
         <subfield code="r">Eberhard Slenczka --</subfield>
         <subfield code="g">Bd. 8.</subfield>
         <subfield code="t">Das Kuppelgrab von Tiryns /</subfield>
         <subfield code="r">Kurt Müller.</subfield>
         <subfield code="t">Tiryns-Stadt 1971: Graben H /</subfield>
         <subfield code="r">Peter und Wendula Gercke, Gerhard Hiesel.</subfield>
         <subfield code="t">Nouveaux Textes en Lineaire B de Tirynthe /</subfield>
         <subfield code="r">Louis Godart, Jean-Pierre Olivier.</subfield>
         <subfield code="t">Tiryns : Unterburg 1968.</subfield>
         <subfield code="t">Grabungen im Bereich der Bauten 3 und '4' /</subfield>
         <subfield code="r">Peter Grossmann, Jörg Schäfer.</subfield>
         <subfield code="t">Tiryns : Unterburg 1968.</subfield>
         <subfield code="t">Eine Kammer in der Unterburgmauer über Bau I /</subfield>
         <subfield code="r">Wolf Rudolph.</subfield>
         <subfield code="t">Dachterrakotten im Magazin des Museums von Nauplia /</subfield>
         <subfield code="r">Gerhild Hübner.</subfield>
         <subfield code="t">Tiryns-Stadt : Sondage 1968 /</subfield>
         <subfield code="r">Hartmut Döhl --</subfield>
         <subfield code="g">Bd. 9.</subfield>
         <subfield code="t">Grabungen in der Unterburg 1971 /</subfield>
         <subfield code="r">Robert Avila [and others] --</subfield>
      </datafield>
      <datafield tag="505" ind1="8" ind2="0">
         <subfield code="g">Bd. 10.</subfield>
         <subfield code="t">Die Palastkeramik /</subfield>
         <subfield code="r">Walter Voigtländer --</subfield>
         <subfield code="g">Bd. 11.</subfield>
         <subfield code="t">Die Keramik von Talioti /</subfield>
         <subfield code="r">Hans-Joachim Weisshaar.</subfield>
         <subfield code="t">Die mykenischen Terrakottafigurinen aus den Syringes von Tiryns /</subfield>
         <subfield code="r">Ingrid Weber-Hiden.</subfield>
         <subfield code="t">Die Tierreste von der mykenischen Burg Tiryns bei Nauplion/Peloponnes /</subfield>
         <subfield code="r">Angela von den Driesch, Joachim Boessneck.</subfield>
         <subfield code="t">Das neue Kartenwerk von Tiryns /</subfield>
         <subfield code="r">Andreas Rieger, Werner Böser --</subfield>
         <subfield code="g">Bd. 12.</subfield>
         <subfield code="t">Figürlich bemalte mykenische Keramik aus Tiryns /</subfield>
         <subfield code="r">Wolfgang Güntner --</subfield>
         <subfield code="g">Bd. 13.</subfield>
         <subfield code="t">Die archaische Keramik von Tiryns /</subfield>
         <subfield code="r">Ulrike Poloczyk.</subfield>
         <subfield code="t">Mycenaean ivories from Tiryns /</subfield>
         <subfield code="r">Olga H. Krzyszkowska --</subfield>
         <subfield code="g">Bd. 14.</subfield>
         <subfield code="t">Studien zur spätmykenischen Keramik /</subfield>
         <subfield code="r">Christian Podzuweit --</subfield>
         <subfield code="g">Bd. 15.</subfield>
         <subfield code="t">Die Handgemachte geglättete Keramik mykenischer Zeitstellung /</subfield>
         <subfield code="r">bearbeitet von Tobias Mühlenbruch --</subfield>
         <subfield code="g">Bd. 16.</subfield>
         <subfield code="t">Kleinfunde aus Tiryns /</subfield>
         <subfield code="r">Lorenz Rahmstorf --</subfield>
         <subfield code="g">Bd. 17. 1.</subfield>
         <subfield code="t">Baubefunde und Stratigraphie der Unterburg (Kampagnen 1976 bis 1983) -- Text /</subfield>
         <subfield code="r">Ursula Damm-Meinhardt --</subfield>
         <subfield code="g">Bd. 17. 2.</subfield>
         <subfield code="t">Baubefunde und Stratigraphie der Unterburg und des Nordwestlichen Stadtgebiets (Kampagnen 1976 bis 1983) -- Text /</subfield>
         <subfield code="r">Tobias Mühlenbruch --</subfield>
         <subfield code="g">Bd. 17. 3.</subfield>
         <subfield code="t">Baubefunde und Stratigraphie der Unterburg und des Nordwestlichen Stadtgebiets (Kampagnen 1976 bis 1983) -- Dokumentation /</subfield>
         <subfield code="r">Ursula Damm-Meinhardt, Tobias Mühlenbruch --</subfield>
         <subfield code="g">Bd. 18.</subfield>
         <subfield code="t">Kult im archaischen Tiryns : eine Analyse neuer Befunde und Funde /</subfield>
         <subfield code="r">Nora Brüggemann.</subfield>
      </datafield>
      <datafield tag="583" ind1="1" ind2=" ">
         <subfield code="a">committed to retain</subfield>
         <subfield code="c">20160630</subfield>
         <subfield code="d">20310630</subfield>
         <subfield code="f">EAST</subfield>
         <subfield code="h">Elmer Holmes Bobst Library</subfield>
         <subfield code="z">This title retained by New York University Libraries on behalf of the Eastern Academic Scholars Trust (EAST)</subfield>
         <subfield code="5">NNU</subfield>
      </datafield>
      <datafield tag="651" ind1=" " ind2="0">
         <subfield code="a">Tiryns (Extinct city)</subfield>
      </datafield>
      <datafield tag="650" ind1=" " ind2="0">
         <subfield code="a">Excavations (Archaeology)</subfield>
         <subfield code="z">Greece</subfield>
         <subfield code="z">Tiryns (Extinct city)</subfield>
      </datafield>
      <datafield tag="651" ind1=" " ind2="7">
         <subfield code="a">Tiryns.</subfield>
         <subfield code="2">pleiades</subfield>
         <subfield code="0">https://pleiades.stoa.org/places/570740</subfield>
      </datafield>
      <datafield tag="700" ind1="1" ind2=" ">
         <subfield code="a">Brüggemann, Nora,</subfield>
         <subfield code="e">author.</subfield>
      </datafield>
      <datafield tag="700" ind1="1" ind2=" ">
         <subfield code="a">Rahmstorf, Lorenz,</subfield>
         <subfield code="e">author.</subfield>
      </datafield>
      <datafield tag="700" ind1="1" ind2=" ">
         <subfield code="a">Åström, Paul,</subfield>
         <subfield code="e">former owner.</subfield>
         <subfield code="5">NyNyUAW</subfield>
      </datafield>
      <datafield tag="700" ind1="1" ind2=" ">
         <subfield code="a">Stager, Lawrence E.,</subfield>
         <subfield code="e">former owner.</subfield>
         <subfield code="5">NyNyUAW</subfield>
      </datafield>
      <datafield tag="740" ind1="0" ind2=" ">
         <subfield code="a">Åström Collection.</subfield>
         <subfield code="5">NyNyUAW</subfield>
      </datafield>
      <datafield tag="740" ind1="0" ind2=" ">
         <subfield code="a">Stager Collection.</subfield>
         <subfield code="5">NyNyUAW</subfield>
      </datafield>
      <datafield tag="700" ind1="1" ind2=" ">
         <subfield code="a">Jantzen, Ulf.</subfield>
      </datafield>
      <datafield tag="710" ind1="2" ind2=" ">
         <subfield code="a">Deutsches Archäologisches Institut.</subfield>
         <subfield code="b">Athenische Abteilung.</subfield>
      </datafield>
      <datafield tag="OWN" ind1=" " ind2=" ">
         <subfield code="a">GENERAL</subfield>
      </datafield>
      <datafield tag="AVA" ind1=" " ind2=" ">
         <subfield code="a">NYU50</subfield>
         <subfield code="b">BOBST</subfield>
         <subfield code="c">Main Collection</subfield>
         <subfield code="d">DF221.T5 D48 1971</subfield>
         <subfield code="e">unavailable</subfield>
         <subfield code="t">Unavailable</subfield>
         <subfield code="f">9</subfield>
         <subfield code="g">9</subfield>
         <subfield code="h">Y</subfield>
         <subfield code="i">0</subfield>
         <subfield code="j">MAIN</subfield>
         <subfield code="k">0</subfield>
      </datafield>
      <datafield tag="AVA" ind1=" " ind2=" ">
         <subfield code="a">NYU50</subfield>
         <subfield code="b">NISAW</subfield>
         <subfield code="c">Oversize Collection</subfield>
         <subfield code="d">DF221.T5 D48 1971 Non-circulating</subfield>
         <subfield code="e">available</subfield>
         <subfield code="t">Available</subfield>
         <subfield code="f">16</subfield>
         <subfield code="g">0</subfield>
         <subfield code="h">Y</subfield>
         <subfield code="i">0</subfield>
         <subfield code="j">OVERZ</subfield>
         <subfield code="k">0</subfield>
      </datafield>
      <marc:datafield tag="852" ind1=" " ind2=" ">
         <marc:subfield code="b">Institute for the Study of the Ancient World, </marc:subfield>
         <marc:subfield code="c">Oversize Collection</marc:subfield>
         <marc:subfield code="e">15 East 84th St., </marc:subfield>
         <marc:subfield code="e">New York, NY  10028</marc:subfield>
      </marc:datafield>
   </record>