
   <record
      xsi:schemaLocation="http://www.loc.gov/MARC21/slim http://www.loc.gov/standards/marcxml/schema/MARC21slim.xsd">
      <leader>00000cam a2200637 a 4500</leader>
      <controlfield tag="FMT">BK</controlfield>
      <controlfield tag="LDR">00000cam a2200637 a 4500</controlfield>
      <controlfield tag="001">000757823</controlfield>
      <controlfield tag="003">NNU</controlfield>
      <controlfield tag="005">20180319154127.0</controlfield>
      <controlfield tag="008">860602m19859999onca     b   s000 0 eng</controlfield>
      <datafield tag="010" ind1=" " ind2=" ">
         <subfield code="a">86166785</subfield>
      </datafield>
      <datafield tag="016" ind1=" " ind2=" ">
         <subfield code="a">850985080</subfield>
      </datafield>
      <datafield tag="020" ind1=" " ind2=" ">
         <subfield code="a">0888543174 (v. 1 : pbk.)</subfield>
      </datafield>
      <datafield tag="020" ind1=" " ind2=" ">
         <subfield code="a">9780888543172 (v. 1 : pbk.)</subfield>
      </datafield>
      <datafield tag="020" ind1=" " ind2=" ">
         <subfield code="a">0197270018 (v. 2 : pbk.)</subfield>
      </datafield>
      <datafield tag="020" ind1=" " ind2=" ">
         <subfield code="a">9780197270011 (v. 2 : pbk.)</subfield>
      </datafield>
      <datafield tag="020" ind1=" " ind2=" ">
         <subfield code="a">1841272140 (v. 3)</subfield>
      </datafield>
      <datafield tag="020" ind1=" " ind2=" ">
         <subfield code="a">9781841272146 (v. 3)</subfield>
      </datafield>
      <datafield tag="020" ind1=" " ind2=" ">
         <subfield code="a">0197270050 (v. 4)</subfield>
      </datafield>
      <datafield tag="020" ind1=" " ind2=" ">
         <subfield code="a">9780197270059 (v. 4)</subfield>
      </datafield>
      <datafield tag="020" ind1=" " ind2=" ">
         <subfield code="a">1842173049 (v. 5)</subfield>
      </datafield>
      <datafield tag="020" ind1=" " ind2=" ">
         <subfield code="a">9781842173046 (v. 5)</subfield>
      </datafield>
      <datafield tag="020" ind1=" " ind2=" ">
         <subfield code="a">9781785706530 (v. 6)</subfield>
      </datafield>
      <datafield tag="020" ind1=" " ind2=" ">
         <subfield code="a">1785706535 (v. 6)</subfield>
      </datafield>
      <datafield tag="035" ind1="7" ind2=" ">
         <subfield code="a">ybp12211572</subfield>
      </datafield>
      <datafield tag="035" ind1="9" ind2=" ">
         <subfield code="a">NYUb12552247</subfield>
      </datafield>
      <datafield tag="035" ind1=" " ind2=" ">
         <subfield code="a">(OCoLC)ocm13944047</subfield>
      </datafield>
      <datafield tag="040" ind1=" " ind2=" ">
         <subfield code="a">DLC</subfield>
         <subfield code="c">DLC</subfield>
         <subfield code="d">NLC</subfield>
         <subfield code="d">OCLCQ</subfield>
         <subfield code="d">UMC</subfield>
         <subfield code="d">NNU</subfield>
      </datafield>
      <datafield tag="043" ind1=" " ind2=" ">
         <subfield code="a">a-is---</subfield>
         <subfield code="a">awba---</subfield>
      </datafield>
      <datafield tag="045" ind1=" " ind2=" ">
         <subfield code="a">x6x6</subfield>
      </datafield>
      <datafield tag="050" ind1="0" ind2="0">
         <subfield code="a">DS109</subfield>
         <subfield code="b">.T87 1985</subfield>
      </datafield>
      <datafield tag="055" ind1=" " ind2="0">
         <subfield code="a">DS109</subfield>
         <subfield code="b">J64 1985</subfield>
      </datafield>
      <datafield tag="079" ind1=" " ind2=" ">
         <subfield code="a">(OCoLC)13944047</subfield>
      </datafield>
      <datafield tag="082" ind1="0" ind2="0">
         <subfield code="a">933</subfield>
         <subfield code="2">19</subfield>
      </datafield>
      <datafield tag="100" ind1="1" ind2=" ">
         <subfield code="a">Tushingham, A. D.,</subfield>
         <subfield code="d">1914-</subfield>
      </datafield>
      <datafield tag="245" ind1="1" ind2="0">
         <subfield code="a">Excavations in Jerusalem, 1961-1967 /</subfield>
         <subfield code="c">A.D. Tushingham ; with contributions by John W. Hayes, R.B.Y. Scott, Emmett Willard Hamrick.</subfield>
      </datafield>
      <datafield tag="246" ind1="1" ind2="8">
         <subfield code="i">Vol. 2 :</subfield>
         <subfield code="a">Jerusalem II</subfield>
      </datafield>
      <datafield tag="246" ind1="1" ind2="3">
         <subfield code="i">Vol. 3 :</subfield>
         <subfield code="a">Excavations by Kathleen M. Kenyon in Jerusalem 1961-1967</subfield>
      </datafield>
      <datafield tag="246" ind1="1" ind2="3">
         <subfield code="i">Vol. 4:</subfield>
         <subfield code="a">Excavations by K.M. Kenyon in Jerusalem 1961-1967</subfield>
      </datafield>
      <datafield tag="246" ind1="1" ind2="8">
         <subfield code="i">Vol. 4 :</subfield>
         <subfield code="a">Jerusalem IV</subfield>
      </datafield>
      <datafield tag="246" ind1="1" ind2="3">
         <subfield code="i">Vol. 5-6 :</subfield>
         <subfield code="a">Excavations by K.M. Kenyon in Jerusalem 1961-1967</subfield>
      </datafield>
      <datafield tag="260" ind1=" " ind2=" ">
         <subfield code="a">Toronto :</subfield>
         <subfield code="b">Royal Ontario Museum,</subfield>
         <subfield code="c">1985-</subfield>
      </datafield>
      <datafield tag="300" ind1=" " ind2=" ">
         <subfield code="a">v. :</subfield>
         <subfield code="b">ill. ;</subfield>
         <subfield code="c">31 cm.</subfield>
      </datafield>
      <datafield tag="490" ind1="1" ind2=" ">
         <subfield code="3">v. 2, v.4</subfield>
         <subfield code="a">British Academy monographs in archaeology ;</subfield>
         <subfield code="v">no. 2, 6</subfield>
      </datafield>
      <datafield tag="490" ind1="1" ind2=" ">
         <subfield code="3">v. 3</subfield>
         <subfield code="a">Copenhagen international seminar ;</subfield>
         <subfield code="v">9</subfield>
      </datafield>
      <datafield tag="490" ind1="1" ind2=" ">
         <subfield code="3">&lt;v. 5-6&gt;</subfield>
         <subfield code="a">Levant supplementary series ;</subfield>
         <subfield code="v">7, 18</subfield>
      </datafield>
      <datafield tag="500" ind1=" " ind2=" ">
         <subfield code="a">ISAW copy (v. 1) is from the library of David I. Owen.</subfield>
         <subfield code="5">NyNyUAW</subfield>
      </datafield>
      <datafield tag="500" ind1=" " ind2=" ">
         <subfield code="a">ISAW copy (v. 3) is from the library of Lawrence E. Stager.</subfield>
         <subfield code="5">NyNyUAW</subfield>
      </datafield>
      <datafield tag="500" ind1=" " ind2=" ">
         <subfield code="a">Vol. 1 lacks series statement.</subfield>
      </datafield>
      <datafield tag="500" ind1=" " ind2=" ">
         <subfield code="a">Vol. 2, 4 published for the British school of Archaeology in Jerusalem by the Oxford University Press.</subfield>
      </datafield>
      <datafield tag="500" ind1=" " ind2=" ">
         <subfield code="a">Vol. 3 published by Sheffield Academic Press, London.</subfield>
      </datafield>
      <datafield tag="500" ind1=" " ind2=" ">
         <subfield code="a">Vol. 5-6 : Published by Oxbow Books, Oxford</subfield>
      </datafield>
      <datafield tag="500" ind1=" " ind2=" ">
         <subfield code="a">Vol. 5 "Centenary volume : Kathleen M. Kenyon 1906-1978."</subfield>
      </datafield>
      <datafield tag="500" ind1=" " ind2=" ">
         <subfield code="a">Report of a joint expedition of the British School of Archaeology in Jerusalem, the Royal Ontario Museum, and L'école biblique et archéologique franc̦aise.</subfield>
      </datafield>
      <datafield tag="504" ind1=" " ind2=" ">
         <subfield code="a">Includes bibliographical references.</subfield>
      </datafield>
      <datafield tag="505" ind1="1" ind2="0">
         <subfield code="g">v. 1. pt. 1.</subfield>
         <subfield code="t">Excavations in the Armenian Garden on the Western Hill /</subfield>
         <subfield code="r">A.D. Tushingham ;</subfield>
         <subfield code="t">Hellenistic to Byzantine Fine Wares and Derivatives in the Jerusalem Corpus /</subfield>
         <subfield code="r">John W. Hayes ;</subfield>
         <subfield code="t">Weights from the Jerusalem 1961-1967 Excavations /</subfield>
         <subfield code="r">R. B. Y. Scott ;</subfield>
         <subfield code="t">The Northern Barrier Wall in Site T /</subfield>
         <subfield code="r">Emmett Willard Hamrick.</subfield>
         <subfield code="g">pt. 2. maps --</subfield>
         <subfield code="g">v. 2.</subfield>
         <subfield code="t">The Iron Age extramural quarter on the south-east hill /</subfield>
         <subfield code="r">H.J. Franken and M.L. Steiner --</subfield>
         <subfield code="g">v. 3.</subfield>
         <subfield code="t">The settlement in the Bronze and Iron ages /</subfield>
         <subfield code="r">M.L. Steiner ; with an appendix by D. Boas-Vedder --</subfield>
         <subfield code="g">v. 4.</subfield>
         <subfield code="t">The Iron age cave deposits on the south-east hill and isolated burials and cemeteries elsewhere /</subfield>
         <subfield code="r">I. Eshel and K. Prag (editor) ; with contributions by J. Crowfoot Payne ... [et al.] --</subfield>
         <subfield code="g">v. 5.</subfield>
         <subfield code="t">Discoveries in Hellenistic to Ottoman Jersualem /</subfield>
         <subfield code="r">Kay Prag ; with contributions from Helen Brown ... [et al.]--</subfield>
         <subfield code="g">v. 6.</subfield>
         <subfield code="t">Sites on the edge of the Ophel /</subfield>
         <subfield code="r">Kay Prag ; with contributions from Peter Tom Gethin ... [et al.]</subfield>
      </datafield>
      <datafield tag="651" ind1=" " ind2="0">
         <subfield code="a">Jerusalem</subfield>
         <subfield code="x">Antiquities.</subfield>
      </datafield>
      <datafield tag="650" ind1=" " ind2="0">
         <subfield code="a">Excavations (Archaeology)</subfield>
         <subfield code="z">Jerusalem.</subfield>
      </datafield>
      <datafield tag="651" ind1=" " ind2="7">
         <subfield code="a">Ierusalem/Hierosolyma/Col. Aelia Capitolina.</subfield>
         <subfield code="2">pleiades</subfield>
         <subfield code="0">https://pleiades.stoa.org/places/687928</subfield>
         <subfield code="5">NyNyUAW</subfield>
      </datafield>
      <datafield tag="700" ind1="1" ind2=" ">
         <subfield code="a">Owen, David I.,</subfield>
         <subfield code="e">former owner.</subfield>
         <subfield code="5">NyNyUAW</subfield>
      </datafield>
      <datafield tag="700" ind1="1" ind2=" ">
         <subfield code="a">Stager, Lawrence E.,</subfield>
         <subfield code="e">former owner.</subfield>
         <subfield code="5">NyNyUAW</subfield>
      </datafield>
      <datafield tag="740" ind1="0" ind2=" ">
         <subfield code="a">Owen Collection.</subfield>
         <subfield code="5">NyNyUAW</subfield>
      </datafield>
      <datafield tag="740" ind1="0" ind2=" ">
         <subfield code="a">Stager Collection.</subfield>
         <subfield code="5">NyNyUAW</subfield>
      </datafield>
      <datafield tag="700" ind1="1" ind2=" ">
         <subfield code="a">Hayes, John W.,</subfield>
         <subfield code="d">1938-</subfield>
      </datafield>
      <datafield tag="700" ind1="1" ind2=" ">
         <subfield code="a">Franken, H. J.</subfield>
         <subfield code="q">(Hendricus Jacobus),</subfield>
         <subfield code="d">1917-</subfield>
      </datafield>
      <datafield tag="700" ind1="1" ind2=" ">
         <subfield code="a">Steiner, M. L.</subfield>
         <subfield code="q">(Margarete Laura)</subfield>
      </datafield>
      <datafield tag="700" ind1="1" ind2=" ">
         <subfield code="a">Eshel, I.</subfield>
         <subfield code="q">(Itzhak)</subfield>
      </datafield>
      <datafield tag="700" ind1="1" ind2=" ">
         <subfield code="a">Prag, Kay.</subfield>
      </datafield>
      <datafield tag="700" ind1="1" ind2=" ">
         <subfield code="a">Kenyon, Kathleen Mary,</subfield>
         <subfield code="c">Dame.</subfield>
      </datafield>
      <datafield tag="710" ind1="2" ind2=" ">
         <subfield code="a">British School of Archaeology in Jerusalem.</subfield>
      </datafield>
      <datafield tag="710" ind1="2" ind2=" ">
         <subfield code="a">Royal Ontario Museum.</subfield>
      </datafield>
      <datafield tag="710" ind1="2" ind2=" ">
         <subfield code="a">Ecole biblique et archéologique française.</subfield>
      </datafield>
      <datafield tag="710" ind1="2" ind2=" ">
         <subfield code="a">British Academy.</subfield>
      </datafield>
      <datafield tag="740" ind1="0" ind2="2">
         <subfield code="a">Iron Age extramural quarter on the south-east hill.</subfield>
      </datafield>
      <datafield tag="740" ind1="0" ind2="2">
         <subfield code="a">Settlement in the Bronze and Iron Ages.</subfield>
      </datafield>
      <datafield tag="740" ind1="0" ind2="2">
         <subfield code="a">Iron Age cave deposits on the south-east hill and isolated burials and cemeteries elsewhere.</subfield>
      </datafield>
      <datafield tag="740" ind1="0" ind2="2">
         <subfield code="a">Sites on the edge of the Ophel.</subfield>
      </datafield>
      <datafield tag="830" ind1=" " ind2="0">
         <subfield code="a">British Academy monographs in archaeology ;</subfield>
         <subfield code="v">no. 2.</subfield>
      </datafield>
      <datafield tag="830" ind1=" " ind2="0">
         <subfield code="a">British Academy monographs in archaeology ;</subfield>
         <subfield code="v">no. 6.</subfield>
      </datafield>
      <datafield tag="830" ind1=" " ind2="0">
         <subfield code="a">Copenhagen international seminar ;</subfield>
         <subfield code="v">9.</subfield>
      </datafield>
      <datafield tag="830" ind1=" " ind2="0">
         <subfield code="a">Levant supplementary series ;</subfield>
         <subfield code="v">v. 7.</subfield>
      </datafield>
      <datafield tag="830" ind1=" " ind2="0">
         <subfield code="a">Levant supplementary series ;</subfield>
         <subfield code="v">v. 18.</subfield>
      </datafield>
      <datafield tag="OWN" ind1=" " ind2=" ">
         <subfield code="a">GENERAL</subfield>
      </datafield>
      <datafield tag="AVA" ind1=" " ind2=" ">
         <subfield code="a">NYU50</subfield>
         <subfield code="b">BOBST</subfield>
         <subfield code="c">Main Collection</subfield>
         <subfield code="d">DS109 .T87 1985 Oversize</subfield>
         <subfield code="e">available</subfield>
         <subfield code="t">Available</subfield>
         <subfield code="f">6</subfield>
         <subfield code="g">0</subfield>
         <subfield code="h">Y</subfield>
         <subfield code="i">0</subfield>
         <subfield code="j">MAIN</subfield>
         <subfield code="k">0</subfield>
      </datafield>
      <datafield tag="AVA" ind1=" " ind2=" ">
         <subfield code="a">NYU50</subfield>
         <subfield code="b">NISAW</subfield>
         <subfield code="c">Large Collection</subfield>
         <subfield code="d">DS109 .T87 Non-circulating</subfield>
         <subfield code="e">available</subfield>
         <subfield code="t">Available</subfield>
         <subfield code="f">3</subfield>
         <subfield code="g">0</subfield>
         <subfield code="h">Y</subfield>
         <subfield code="i">0</subfield>
         <subfield code="j">LARGE</subfield>
         <subfield code="k">0</subfield>
      </datafield>
      <marc:datafield tag="852" ind1=" " ind2=" ">
         <marc:subfield code="b">Institute for the Study of the Ancient World, </marc:subfield>
         <marc:subfield code="c">Large Collection</marc:subfield>
         <marc:subfield code="e">15 East 84th St., </marc:subfield>
         <marc:subfield code="e">New York, NY  10028</marc:subfield>
      </marc:datafield>
   </record>