
   <record
      xsi:schemaLocation="http://www.loc.gov/MARC21/slim http://www.loc.gov/standards/marcxml/schema/MARC21slim.xsd">
      <leader>00000cam a22     Ii 4500</leader>
      <controlfield tag="FMT">BK</controlfield>
      <controlfield tag="LDR">00000cam a22     Ii 4500</controlfield>
      <controlfield tag="001">006048447</controlfield>
      <controlfield tag="005">20180320131632.0</controlfield>
      <controlfield tag="008">180320t20172017be a     b    001 0 syc d</controlfield>
      <datafield tag="020" ind1=" " ind2=" ">
         <subfield code="a">9782503574714</subfield>
      </datafield>
      <datafield tag="020" ind1=" " ind2=" ">
         <subfield code="a">2503574718</subfield>
      </datafield>
      <datafield tag="035" ind1=" " ind2=" ">
         <subfield code="a">(OCoLC)968775362</subfield>
         <subfield code="z">(OCoLC)968515099</subfield>
      </datafield>
      <datafield tag="040" ind1=" " ind2=" ">
         <subfield code="a">BTCTA</subfield>
         <subfield code="b">eng</subfield>
         <subfield code="e">rda</subfield>
         <subfield code="c">BTCTA</subfield>
         <subfield code="d">ERASA</subfield>
         <subfield code="d">YDX</subfield>
         <subfield code="d">OHX</subfield>
         <subfield code="d">GBVCP</subfield>
         <subfield code="d">XII</subfield>
         <subfield code="d">OCLCA</subfield>
         <subfield code="d">XII</subfield>
         <subfield code="d">ZYU</subfield>
      </datafield>
      <datafield tag="041" ind1="1" ind2=" ">
         <subfield code="a">syc</subfield>
         <subfield code="a">eng</subfield>
         <subfield code="h">syc</subfield>
      </datafield>
      <datafield tag="050" ind1=" " ind2="4">
         <subfield code="a">BX177</subfield>
         <subfield code="b">.A2 2017</subfield>
      </datafield>
      <datafield tag="082" ind1="0" ind2="4">
         <subfield code="a">932-933</subfield>
      </datafield>
      <datafield tag="245" ind1="0" ind2="2">
         <subfield code="a">A Syriac service-book from Turfan :</subfield>
         <subfield code="b">Museum für Asiatische Kunst, Berlin MIK III 45 /</subfield>
         <subfield code="c">Erica C.D. Hunter &amp; J.F. Coakley ; herausgegeben im Auftrag der Kommission des Zentrums Grundlagenforschung Alte Welt der Berlin-Brandenburgischen Akademie der Wissenschaften.</subfield>
      </datafield>
      <datafield tag="246" ind1="3" ind2="0">
         <subfield code="a">Museum für Asiatische Kunst, Berlin MIK III 45</subfield>
      </datafield>
      <datafield tag="264" ind1=" " ind2="1">
         <subfield code="a">Turnhout, Belgium :</subfield>
         <subfield code="b">Brepols,</subfield>
         <subfield code="c">[2017]</subfield>
      </datafield>
      <datafield tag="264" ind1=" " ind2="4">
         <subfield code="c">©2017</subfield>
      </datafield>
      <datafield tag="300" ind1=" " ind2=" ">
         <subfield code="a">x, 307 pages :</subfield>
         <subfield code="b">illustrations ;</subfield>
         <subfield code="c">30 cm.</subfield>
      </datafield>
      <datafield tag="336" ind1=" " ind2=" ">
         <subfield code="a">text</subfield>
         <subfield code="b">txt</subfield>
         <subfield code="2">rdacontent</subfield>
      </datafield>
      <datafield tag="337" ind1=" " ind2=" ">
         <subfield code="a">unmediated</subfield>
         <subfield code="b">n</subfield>
         <subfield code="2">rdamedia</subfield>
      </datafield>
      <datafield tag="338" ind1=" " ind2=" ">
         <subfield code="a">volume</subfield>
         <subfield code="b">nc</subfield>
         <subfield code="2">rdacarrier</subfield>
      </datafield>
      <datafield tag="490" ind1="1" ind2=" ">
         <subfield code="a">Berliner Turfantexte ;</subfield>
         <subfield code="v">XXXIX</subfield>
      </datafield>
      <datafield tag="546" ind1=" " ind2=" ">
         <subfield code="a">Comprises a transcription of the Syriac text of the manuscript Berlin, Museum für Asiatische Kunst (formerly the Museum für Indische Kunst), MIK III 45, with an English translation following. Introduction and notes in English.</subfield>
      </datafield>
      <datafield tag="504" ind1=" " ind2=" ">
         <subfield code="a">Includes bibliographical references (pages 61-65) and index.</subfield>
      </datafield>
      <datafield tag="520" ind1=" " ind2=" ">
         <subfield code="a">"An edition and study of an 8th-9th century Syriac manuscript from Bulayïq near Turfan, the earliest extant witness of the Penqita or ḥudra. In 1905, a substantial Syriac manuscript of 60 leaves, containing a Christian service-book, was discovered by the second German Turfan Expedition at the monastery site of Bulayïq. Since then, although the existence of this manuscript (which has received the signature of MIK III 45) has been mentioned from time to time in the scholarly literature, its text has never been published. The present volume offers for the first time an edition of the Syriac text, English translation and critical introduction to MIK III 45. The Syriac text is of the Penqita, the book later known as the ḥudra, containing the variable parts of the daily offices and Eucharist, to which have been appended some occasional services of the Church of the East, including the burial service. The 60 folios are the surviving part (about one quarter) of a manuscript datable to the eighth or ninth century and, on account of this dating, can be considered to be the earliest extant witness to the Penqita which was the project of the seventh-century patriarch Isho'yab III who drew up the outline for the ecclesiastical year that is still followed today in the Church of the East. The editors argue that MIK III 45 was probably written in Merv - it would be the only Syriac manuscript known from that Christian centre - for transport to the Christian church in distant Turfan."--</subfield>
         <subfield code="c">Provided by publisher.</subfield>
      </datafield>
      <datafield tag="650" ind1=" " ind2="0">
         <subfield code="a">Manuscripts, Syriac.</subfield>
      </datafield>
      <datafield tag="610" ind1="2" ind2="0">
         <subfield code="a">Church of the East</subfield>
         <subfield code="x">Liturgy</subfield>
         <subfield code="v">Texts.</subfield>
      </datafield>
      <datafield tag="610" ind1="2" ind2="0">
         <subfield code="a">Staatliche Museen zu Berlin--Preussischer Kulturbesitz.</subfield>
         <subfield code="b">Museum für Asiatische Kunst.</subfield>
         <subfield code="k">Manuscript.</subfield>
         <subfield code="n">MIK III 45.</subfield>
      </datafield>
      <datafield tag="610" ind1="2" ind2="0">
         <subfield code="a">Turfansammlung.</subfield>
      </datafield>
      <datafield tag="650" ind1=" " ind2="0">
         <subfield code="a">Hymns, Syriac.</subfield>
      </datafield>
      <datafield tag="650" ind1=" " ind2="0">
         <subfield code="a">Hymns, Syriac</subfield>
         <subfield code="x">History and criticism.</subfield>
      </datafield>
      <datafield tag="700" ind1="1" ind2=" ">
         <subfield code="a">Hunter, Erica C. D.,</subfield>
         <subfield code="e">editor.</subfield>
      </datafield>
      <datafield tag="700" ind1="1" ind2=" ">
         <subfield code="a">Coakley, J. F.,</subfield>
         <subfield code="e">editor.</subfield>
      </datafield>
      <datafield tag="710" ind1="2" ind2=" ">
         <subfield code="a">Turfansammlung.</subfield>
      </datafield>
      <datafield tag="710" ind1="2" ind2=" ">
         <subfield code="a">Staatliche Museen zu Berlin--Preussischer Kulturbesitz.</subfield>
         <subfield code="b">Museum für Asiatische Kunst,</subfield>
         <subfield code="e">current owner.</subfield>
      </datafield>
      <datafield tag="710" ind1="2" ind2=" ">
         <subfield code="a">Berlin-Brandenburgische Akademie der Wissenschaften.</subfield>
         <subfield code="b">Zentrum Grundlagenforschung Alte Welt,</subfield>
         <subfield code="e">issuing body.</subfield>
      </datafield>
      <datafield tag="830" ind1=" " ind2="0">
         <subfield code="a">Berliner Turfantexte ;</subfield>
         <subfield code="v">39.</subfield>
      </datafield>
      <datafield tag="OWN" ind1=" " ind2=" ">
         <subfield code="a">GENERAL</subfield>
      </datafield>
      <datafield tag="AVA" ind1=" " ind2=" ">
         <subfield code="a">NYU50</subfield>
         <subfield code="b">NISAW</subfield>
         <subfield code="c">Large Collection</subfield>
         <subfield code="d">BX177 .A2 2017 Non-circulating</subfield>
         <subfield code="e">available</subfield>
         <subfield code="t">Available</subfield>
         <subfield code="f">1</subfield>
         <subfield code="g">0</subfield>
         <subfield code="h">N</subfield>
         <subfield code="i">0</subfield>
         <subfield code="j">LARGE</subfield>
         <subfield code="k">0</subfield>
      </datafield>
      <marc:datafield tag="852" ind1=" " ind2=" ">
         <marc:subfield code="b">Institute for the Study of the Ancient World, </marc:subfield>
         <marc:subfield code="c">Large Collection</marc:subfield>
         <marc:subfield code="e">15 East 84th St., </marc:subfield>
         <marc:subfield code="e">New York, NY  10028</marc:subfield>
      </marc:datafield>
   </record>