
   <record
      xsi:schemaLocation="http://www.loc.gov/MARC21/slim http://www.loc.gov/standards/marcxml/schema/MARC21slim.xsd">
      <leader>00000cam a22     Ia 4500</leader>
      <controlfield tag="FMT">BK</controlfield>
      <controlfield tag="LDR">00000cam a22     Ia 4500</controlfield>
      <controlfield tag="001">006048504</controlfield>
      <controlfield tag="005">20180404145944.0</controlfield>
      <controlfield tag="008">180320s1978    iluaf    b    001 0 eng d</controlfield>
      <datafield tag="020" ind1=" " ind2=" ">
         <subfield code="z">091671036</subfield>
      </datafield>
      <datafield tag="020" ind1=" " ind2=" ">
         <subfield code="a">091671036X</subfield>
      </datafield>
      <datafield tag="020" ind1=" " ind2=" ">
         <subfield code="a">9780916710361</subfield>
      </datafield>
      <datafield tag="035" ind1=" " ind2=" ">
         <subfield code="a">(OCoLC)4705200</subfield>
         <subfield code="z">(OCoLC)232125960</subfield>
      </datafield>
      <datafield tag="040" ind1=" " ind2=" ">
         <subfield code="a">EEM</subfield>
         <subfield code="b">eng</subfield>
         <subfield code="c">EEM</subfield>
         <subfield code="d">BOS</subfield>
         <subfield code="d">OCLCG</subfield>
         <subfield code="d">YDXCP</subfield>
         <subfield code="d">DEBBG</subfield>
         <subfield code="d">LEAUB</subfield>
         <subfield code="d">EUM</subfield>
         <subfield code="d">OCLCQ</subfield>
         <subfield code="d">UPX</subfield>
         <subfield code="d">OCLCQ</subfield>
         <subfield code="d">OCLCO</subfield>
         <subfield code="d">OCLCF</subfield>
         <subfield code="d">NJR</subfield>
         <subfield code="d">OCLCQ</subfield>
         <subfield code="d">ZYU</subfield>
      </datafield>
      <datafield tag="043" ind1=" " ind2=" ">
         <subfield code="a">e-gr---</subfield>
      </datafield>
      <datafield tag="050" ind1=" " ind2="4">
         <subfield code="a">CJ407</subfield>
         <subfield code="b">.N43 1978</subfield>
      </datafield>
      <datafield tag="082" ind1="0" ind2="4">
         <subfield code="a">737</subfield>
         <subfield code="2">20</subfield>
      </datafield>
      <datafield tag="084" ind1=" " ind2=" ">
         <subfield code="a">ND 6240</subfield>
         <subfield code="2">rvk</subfield>
      </datafield>
      <datafield tag="100" ind1="1" ind2=" ">
         <subfield code="a">Newell, Edward Theodore,</subfield>
         <subfield code="d">1886-1941.</subfield>
      </datafield>
      <datafield tag="245" ind1="1" ind2="4">
         <subfield code="a">The coinages of Demetrius Poliorcetes /</subfield>
         <subfield code="c">by Edward T. Newell.</subfield>
      </datafield>
      <datafield tag="260" ind1=" " ind2=" ">
         <subfield code="a">Chicago :</subfield>
         <subfield code="b">Obol International,</subfield>
         <subfield code="c">1978.</subfield>
      </datafield>
      <datafield tag="300" ind1=" " ind2=" ">
         <subfield code="a">ix, 174 pages, 18 pages of plates :</subfield>
         <subfield code="b">illustrations ;</subfield>
         <subfield code="c">28 cm</subfield>
      </datafield>
      <datafield tag="336" ind1=" " ind2=" ">
         <subfield code="a">text</subfield>
         <subfield code="b">txt</subfield>
         <subfield code="2">rdacontent</subfield>
      </datafield>
      <datafield tag="337" ind1=" " ind2=" ">
         <subfield code="a">unmediated</subfield>
         <subfield code="b">n</subfield>
         <subfield code="2">rdamedia</subfield>
      </datafield>
      <datafield tag="338" ind1=" " ind2=" ">
         <subfield code="a">volume</subfield>
         <subfield code="b">nc</subfield>
         <subfield code="2">rdacarrier</subfield>
      </datafield>
      <datafield tag="504" ind1=" " ind2=" ">
         <subfield code="a">Includes bibliographical references and index.</subfield>
      </datafield>
      <datafield tag="500" ind1=" " ind2=" ">
         <subfield code="a">ISAW copy is from the library of F. Gordon Frost.</subfield>
         <subfield code="5">NyNyUAW</subfield>
      </datafield>
      <datafield tag="600" ind1="0" ind2="0">
         <subfield code="a">Demetrius</subfield>
         <subfield code="b">I,</subfield>
         <subfield code="c">Poliorcetes, King of Macedonia,</subfield>
         <subfield code="d">336 B.C.-283 B.C.</subfield>
      </datafield>
      <datafield tag="600" ind1="0" ind2="4">
         <subfield code="a">Demetrius,</subfield>
         <subfield code="c">Poliorcetes,</subfield>
         <subfield code="d">336-283 B.C.</subfield>
      </datafield>
      <datafield tag="600" ind1="1" ind2="7">
         <subfield code="a">Demetrios (Makedonien, König, I.)</subfield>
         <subfield code="2">swd</subfield>
      </datafield>
      <datafield tag="600" ind1="0" ind2="7">
         <subfield code="a">Demetrius</subfield>
         <subfield code="b">I,</subfield>
         <subfield code="c">Poliorcetes, King of Macedonia,</subfield>
         <subfield code="d">336 B.C.-283 B.C.</subfield>
         <subfield code="2">fast</subfield>
         <subfield code="0">(OCoLC)fst01815482</subfield>
      </datafield>
      <datafield tag="650" ind1=" " ind2="0">
         <subfield code="a">Numismatics, Greek.</subfield>
      </datafield>
      <datafield tag="651" ind1=" " ind2="7">
         <subfield code="a">Macedonia.</subfield>
         <subfield code="2">pleiades</subfield>
         <subfield code="0">https://pleiades.stoa.org/places/491656</subfield>
         <subfield code="5">NyNyUAW</subfield>
      </datafield>
      <datafield tag="650" ind1=" " ind2="7">
         <subfield code="a">Numismatics, Greek.</subfield>
         <subfield code="2">fast</subfield>
         <subfield code="0">(OCoLC)fst01041356</subfield>
      </datafield>
      <datafield tag="700" ind1="1" ind2=" ">
         <subfield code="a">Frost, Gordon,</subfield>
         <subfield code="d">1935-2011,</subfield>
         <subfield code="e">former owner.</subfield>
         <subfield code="5">NyNyUAW</subfield>
      </datafield>
      <datafield tag="740" ind1="0" ind2=" ">
         <subfield code="a">Frost Numismatic Library.</subfield>
         <subfield code="5">NyNyUAW</subfield>
      </datafield>
      <datafield tag="776" ind1="0" ind2="8">
         <subfield code="i">Online version:</subfield>
         <subfield code="a">Newell, Edward Theodore, 1886-1941.</subfield>
         <subfield code="t">Coinages of Demetrius Poliorcetes.</subfield>
         <subfield code="d">Chicago : Obel International, 1978</subfield>
         <subfield code="w">(OCoLC)894471182</subfield>
      </datafield>
      <datafield tag="OWN" ind1=" " ind2=" ">
         <subfield code="a">GENERAL</subfield>
      </datafield>
      <datafield tag="AVA" ind1=" " ind2=" ">
         <subfield code="a">NYU50</subfield>
         <subfield code="b">NISAW</subfield>
         <subfield code="c">Large Collection</subfield>
         <subfield code="d">CJ407 .N43 1978 Non-circulating</subfield>
         <subfield code="e">available</subfield>
         <subfield code="t">Available</subfield>
         <subfield code="f">1</subfield>
         <subfield code="g">0</subfield>
         <subfield code="h">N</subfield>
         <subfield code="i">0</subfield>
         <subfield code="j">LARGE</subfield>
         <subfield code="k">0</subfield>
      </datafield>
      <marc:datafield tag="852" ind1=" " ind2=" ">
         <marc:subfield code="b">Institute for the Study of the Ancient World, </marc:subfield>
         <marc:subfield code="c">Large Collection</marc:subfield>
         <marc:subfield code="e">15 East 84th St., </marc:subfield>
         <marc:subfield code="e">New York, NY  10028</marc:subfield>
      </marc:datafield>
   </record>