
   <record
      xsi:schemaLocation="http://www.loc.gov/MARC21/slim http://www.loc.gov/standards/marcxml/schema/MARC21slim.xsd">
      <leader>00000cam a2200853 a 4500</leader>
      <controlfield tag="FMT">BK</controlfield>
      <controlfield tag="LDR">00000cam a2200853 a 4500</controlfield>
      <controlfield tag="001">001646823</controlfield>
      <controlfield tag="003">OCoLC</controlfield>
      <controlfield tag="005">20180323132644.0</controlfield>
      <controlfield tag="008">000610s2000    gw a     b    001 0 gers</controlfield>
      <datafield tag="010" ind1=" " ind2=" ">
         <subfield code="a">00392602</subfield>
      </datafield>
      <datafield tag="016" ind1="7" ind2=" ">
         <subfield code="a">958471894</subfield>
         <subfield code="2">DE-101</subfield>
      </datafield>
      <datafield tag="016" ind1="7" ind2=" ">
         <subfield code="a">100959581</subfield>
         <subfield code="2">DNLM</subfield>
      </datafield>
      <datafield tag="016" ind1="7" ind2=" ">
         <subfield code="a">009896874</subfield>
         <subfield code="2">Uk</subfield>
      </datafield>
      <datafield tag="020" ind1=" " ind2=" ">
         <subfield code="a">3927120863</subfield>
         <subfield code="q">(alk. paper)</subfield>
      </datafield>
      <datafield tag="020" ind1=" " ind2=" ">
         <subfield code="a">9783927120860</subfield>
         <subfield code="q">(alk. paper)</subfield>
      </datafield>
      <datafield tag="035" ind1=" " ind2=" ">
         <subfield code="a">(OCoLC)44445438</subfield>
         <subfield code="z">(OCoLC)492217148</subfield>
         <subfield code="z">(OCoLC)992684213</subfield>
      </datafield>
      <datafield tag="040" ind1=" " ind2=" ">
         <subfield code="a">DLC</subfield>
         <subfield code="b">eng</subfield>
         <subfield code="c">DLC</subfield>
         <subfield code="d">OHX</subfield>
         <subfield code="d">DCU</subfield>
         <subfield code="d">WTS</subfield>
         <subfield code="d">NLM</subfield>
         <subfield code="d">BAKER</subfield>
         <subfield code="d">YDXCP</subfield>
         <subfield code="d">CLU</subfield>
         <subfield code="d">HEBIS</subfield>
         <subfield code="d">ZWZ</subfield>
         <subfield code="d">UKMGB</subfield>
         <subfield code="d">OCLCF</subfield>
         <subfield code="d">OCLCQ</subfield>
         <subfield code="d">OCLCO</subfield>
         <subfield code="d">DEBBG</subfield>
         <subfield code="d">OCLCO</subfield>
         <subfield code="d">OCLCQ</subfield>
         <subfield code="d">OCLCO</subfield>
         <subfield code="d">ZYU</subfield>
      </datafield>
      <datafield tag="041" ind1="1" ind2=" ">
         <subfield code="a">akk</subfield>
         <subfield code="a">ger</subfield>
         <subfield code="h">akk</subfield>
      </datafield>
      <datafield tag="043" ind1=" " ind2=" ">
         <subfield code="a">a-iq---</subfield>
      </datafield>
      <datafield tag="050" ind1="0" ind2="0">
         <subfield code="a">PJ3921.M5</subfield>
         <subfield code="b">H44 2000</subfield>
      </datafield>
      <datafield tag="050" ind1="1" ind2="4">
         <subfield code="a">R135.3</subfield>
         <subfield code="b">.H44 2000</subfield>
      </datafield>
      <datafield tag="060" ind1="0" ind2="0">
         <subfield code="a">2000 H-059</subfield>
      </datafield>
      <datafield tag="060" ind1="1" ind2="0">
         <subfield code="a">WZ 294</subfield>
      </datafield>
      <datafield tag="072" ind1=" " ind2="7">
         <subfield code="a">RC</subfield>
         <subfield code="2">lcco</subfield>
      </datafield>
      <datafield tag="072" ind1=" " ind2="7">
         <subfield code="a">BL</subfield>
         <subfield code="2">lcco</subfield>
      </datafield>
      <datafield tag="079" ind1=" " ind2=" ">
         <subfield code="a">(OCoLC)44445438</subfield>
      </datafield>
      <datafield tag="082" ind1="0" ind2="0">
         <subfield code="a">492/.11</subfield>
         <subfield code="2">21</subfield>
      </datafield>
      <datafield tag="084" ind1=" " ind2=" ">
         <subfield code="a">BC 7525</subfield>
         <subfield code="2">rvk</subfield>
      </datafield>
      <datafield tag="100" ind1="1" ind2=" ">
         <subfield code="a">Heessel, Nils P.</subfield>
      </datafield>
      <datafield tag="245" ind1="1" ind2="0">
         <subfield code="a">Babylonisch-assyrische Diagnostik /</subfield>
         <subfield code="c">von Nils P. Heessel.</subfield>
      </datafield>
      <datafield tag="260" ind1=" " ind2=" ">
         <subfield code="a">Münster :</subfield>
         <subfield code="b">Ugarit-Verlag,</subfield>
         <subfield code="c">2000.</subfield>
      </datafield>
      <datafield tag="300" ind1=" " ind2=" ">
         <subfield code="a">xii, 471 pages :</subfield>
         <subfield code="b">illustrations ;</subfield>
         <subfield code="c">30 cm.</subfield>
      </datafield>
      <datafield tag="336" ind1=" " ind2=" ">
         <subfield code="a">text</subfield>
         <subfield code="b">txt</subfield>
         <subfield code="2">rdacontent</subfield>
      </datafield>
      <datafield tag="337" ind1=" " ind2=" ">
         <subfield code="a">unmediated</subfield>
         <subfield code="b">n</subfield>
         <subfield code="2">rdamedia</subfield>
      </datafield>
      <datafield tag="338" ind1=" " ind2=" ">
         <subfield code="a">volume</subfield>
         <subfield code="b">nc</subfield>
         <subfield code="2">rdacarrier</subfield>
      </datafield>
      <datafield tag="490" ind1="1" ind2=" ">
         <subfield code="a">Alter Orient und Altes Testament ;</subfield>
         <subfield code="v">Bd. 43</subfield>
      </datafield>
      <datafield tag="500" ind1=" " ind2=" ">
         <subfield code="a">Originally presented as the author's thesis (doctoral)--Universität Heidelberg, 1999.</subfield>
      </datafield>
      <datafield tag="504" ind1=" " ind2=" ">
         <subfield code="a">Includes bibliographical references (pages 375-401) and indexes.</subfield>
      </datafield>
      <datafield tag="546" ind1=" " ind2=" ">
         <subfield code="a">Includes transcriptions from the original Akkadian with German translation.</subfield>
      </datafield>
      <datafield tag="650" ind1=" " ind2="0">
         <subfield code="a">Medicine, Assyro-Babylonian.</subfield>
      </datafield>
      <datafield tag="650" ind1=" " ind2="0">
         <subfield code="a">Akkadian language</subfield>
         <subfield code="v">Texts.</subfield>
      </datafield>
      <datafield tag="650" ind1=" " ind2="0">
         <subfield code="a">Diagnosis</subfield>
         <subfield code="z">Iraq</subfield>
         <subfield code="x">History</subfield>
         <subfield code="v">Sources.</subfield>
      </datafield>
      <datafield tag="650" ind1=" " ind2="0">
         <subfield code="a">Cuneiform tablets</subfield>
         <subfield code="z">Iraq.</subfield>
      </datafield>
      <datafield tag="650" ind1=" " ind2="7">
         <subfield code="a">Diagnostic</subfield>
         <subfield code="x">histoire</subfield>
         <subfield code="x">Irak.</subfield>
         <subfield code="2">fmesh</subfield>
      </datafield>
      <datafield tag="650" ind1="0" ind2="7">
         <subfield code="a">Akkadisch.</subfield>
         <subfield code="0">(DE-588)4084837-1</subfield>
         <subfield code="2">gnd</subfield>
      </datafield>
      <datafield tag="650" ind1="0" ind2="7">
         <subfield code="a">Diagnostik.</subfield>
         <subfield code="0">(DE-588)4113303-1</subfield>
         <subfield code="2">gnd</subfield>
      </datafield>
      <datafield tag="650" ind1="0" ind2="7">
         <subfield code="a">Medizin.</subfield>
         <subfield code="0">(DE-588)4038243-6</subfield>
         <subfield code="2">gnd</subfield>
      </datafield>
      <datafield tag="650" ind1="0" ind2="7">
         <subfield code="a">Quelle.</subfield>
         <subfield code="0">(DE-588)4135952-5</subfield>
         <subfield code="2">gnd</subfield>
      </datafield>
      <datafield tag="651" ind1=" " ind2="7">
         <subfield code="a">Mesopotamien.</subfield>
         <subfield code="0">(DE-588)4038788-4</subfield>
         <subfield code="2">gnd</subfield>
      </datafield>
      <datafield tag="650" ind1=" " ind2="7">
         <subfield code="a">Médecine</subfield>
         <subfield code="z">Irak</subfield>
         <subfield code="z">Babylone (ville ancienne)</subfield>
         <subfield code="2">ram</subfield>
      </datafield>
      <datafield tag="650" ind1="0" ind2="7">
         <subfield code="a">Medizin.</subfield>
         <subfield code="2">swd</subfield>
      </datafield>
      <datafield tag="650" ind1="0" ind2="7">
         <subfield code="a">Diagnostik.</subfield>
         <subfield code="2">swd</subfield>
      </datafield>
      <datafield tag="651" ind1=" " ind2="7">
         <subfield code="a">Mesopotamien.</subfield>
         <subfield code="2">swd</subfield>
      </datafield>
      <datafield tag="650" ind1="1" ind2="2">
         <subfield code="a">Diagnosis</subfield>
      </datafield>
      <datafield tag="650" ind1="2" ind2="2">
         <subfield code="a">History of Medicine</subfield>
      </datafield>
      <datafield tag="650" ind1="2" ind2="2">
         <subfield code="a">History, Ancient</subfield>
      </datafield>
      <datafield tag="651" ind1=" " ind2="2">
         <subfield code="a">Iraq</subfield>
      </datafield>
      <datafield tag="648" ind1=" " ind2="4">
         <subfield code="a">Geschichte 1068 v. Chr.-1047 v. Chr.</subfield>
      </datafield>
      <datafield tag="830" ind1=" " ind2="0">
         <subfield code="a">Alter Orient und Altes Testament ;</subfield>
         <subfield code="v">Bd. 43.</subfield>
      </datafield>
      <datafield tag="856" ind1="4" ind2="1">
         <subfield code="3">Table of contents</subfield>
         <subfield code="u">http://bvbr.bib-bvb.de:8991/F?func=service&amp;doc_library=BVB01&amp;local_base=BVB01&amp;doc_number=008900218&amp;line_number=0001&amp;func_code=DB_RECORDS&amp;service_type=MEDIA</subfield>
      </datafield>
      <datafield tag="OWN" ind1=" " ind2=" ">
         <subfield code="a">GENERAL</subfield>
      </datafield>
      <datafield tag="AVA" ind1=" " ind2=" ">
         <subfield code="a">NYU50</subfield>
         <subfield code="b">BOBST</subfield>
         <subfield code="c">Main Collection</subfield>
         <subfield code="d">R135.3 .H44 2000 Oversize</subfield>
         <subfield code="e">available</subfield>
         <subfield code="t">Available</subfield>
         <subfield code="f">1</subfield>
         <subfield code="g">0</subfield>
         <subfield code="h">N</subfield>
         <subfield code="i">15</subfield>
         <subfield code="j">MAIN</subfield>
         <subfield code="k">0</subfield>
      </datafield>
      <datafield tag="AVA" ind1=" " ind2=" ">
         <subfield code="a">NYU50</subfield>
         <subfield code="b">NISAW</subfield>
         <subfield code="c">Large Collection</subfield>
         <subfield code="d">PJ3921.M5 H44 2000 Non-circulating</subfield>
         <subfield code="e">available</subfield>
         <subfield code="t">Available</subfield>
         <subfield code="f">1</subfield>
         <subfield code="g">0</subfield>
         <subfield code="h">N</subfield>
         <subfield code="i">0</subfield>
         <subfield code="j">LARGE</subfield>
         <subfield code="k">0</subfield>
      </datafield>
      <marc:datafield tag="852" ind1=" " ind2=" ">
         <marc:subfield code="b">Institute for the Study of the Ancient World, </marc:subfield>
         <marc:subfield code="c">Large Collection</marc:subfield>
         <marc:subfield code="e">15 East 84th St., </marc:subfield>
         <marc:subfield code="e">New York, NY  10028</marc:subfield>
      </marc:datafield>
   </record>